1970 3009
115 80 213 111 XXIV
592 116 594 119 ·
688 68 689 71 Ἰ
846 76 1005 106 ΜοΝΕΝΒΛ
1035 85 1182 106 amamus.

117 163 253 197 singula
276 162 306 187 iu
327 161 378 186 his
399 161 536 186 Genera
555 161 599 193 (ut
613 160 673 186 diss.
700 160 733 186 de
754 160 849 191 Erica,
880 160 912 185 de
931 160 1065 194 Hyperico
1086 162 1134 186 etc.
1161 166 1252 192 magna
1271 166 1303 184 ex
1321 157 1425 191 parte.)
1462 157 1536 188 Quae
1558 157 1623 183 adeo
1645 167 1736 193 magna
1759 168 1790 185 ex
1809 163 1884 194 parte

118 207 229 234 inlibris
249 204 418 239 systematicis
435 203 543 228 Linuaei
562 203 679 236 (Codicis
698 207 794 228 textum
810 204 997 237 efficientibus)
1017 205 1137 236 receptae
1155 205 1227 229 sunt.
1247 210 1346 235 neque,
1373 200 1506 234 quominus
1529 200 1651 234 reliquam
1668 206 1765 236 partem
1785 203 1884 229 insera-

119 260 189 282 mus,
210 249 304 283 aliquid
327 248 420 273 obstat.
463 246 535 271 Adeo
554 249 583 271 ut
597 248 646 272 hae
664 247 772 272 maxime
793 246 995 279 dissertationes,
1012 248 1114 279 praeter
1131 245 1305 279 praefationes
1325 253 1420 278 earum,
1439 249 1626 270 commutentur
1644 254 1660 270 a
1679 246 1752 271 nobis
1769 246 1794 271 in
1811 246 1884 272 exilis

119 294 239 320 momenti
260 292 399 325 catalogos.

189 346 251 370 Ons.
286 344 448 378 Neutiquam
465 344 531 369 inest
550 342 740 369 Codicinostro
761 340 1036 375 Supplementum
1061 341 1255 375 plantarum
1278 349 1295 366 a
1319 340 1475 365 Limnaeo
1495 339 1584 372 filio
1606 348 1688 365 anno
1710 340 1782 365 1781.
1814 340 1885 366 ecli-

119 393 200 418 tum,
220 388 286 421 quod
306 389 385 420 plane
402 388 564 413 diversae
583 387 608 411 in
627 386 740 411 historia
758 385 886 410 botaniccs
899 384 1033 409 littoraria
1048 384 1189 417 periodo
1207 384 1434 410 adnumerandum
1451 386 1505 414 cst,
1533 383 1652 415 quamvis
1671 383 1808 408 schedulas
1822 383 1886 408 Lin-

119 432 180 456 πηοί
205 431 291 464 putris
316 431 340 456 ci
361 431 457 456 edendo
480 430 613 455 adhibitas
633 438 700 461 csse,
732 430 809 453 immo
831 428 903 452 lzaud
923 436 1022 460 paucas
1042 428 1085 457 §§.
1113 435 1168 453 sese
1188 431 1219 453 ut
1237 427 1368 461 genuinas
1390 426 1560 452 Linnacunas
1576 426 1698 459 prodere,
1723 427 1825 463 inicias
1849 426 1888 452 ire

118 483 237 508 nequeas.
282 474 427 499 Dummodo
441 482 472 501 ea
488 473 574 498 Filius
587 481 638 505 qua
650 481 702 506 par
713 475 771 497 crat
785 471 886 505 pictate
904 470 1061 496 indicasset!

768 584 876 618 ΙΙΙ.
921 581 1246 622 Adhibiti,

120 662 151 688 id
172 663 226 687 est
243 661 368 694 ubique
387 658 597 694 comparati,
617 666 647 684 ac
669 657 691 683 si
711 658 770 692 quid
784 660 816 685 ad
833 659 982 684 illustranda
1001 657 1102 683 Codicis
1117 657 1271 691 vegetabilia
1288 657 1318 683 iis
1337 656 1434 682 inesset
1452 655 1542 689 citati,
1566 656 1606 681 vel
1626 657 1741 691 excerpti
1758 657 1779 683 si
1804 666 1885 692 qnae-

120 706 178 731 dam
197 705 223 730 in
242 705 272 730 iis
291 704 419 738 prioribus
438 703 510 728 libris
529 703 604 737 plane
623 702 790 727 convenirent
809 706 853 727 ant
878 701 1065 736 descriptiones
1089 701 1213 726 darentur
1237 701 1324 726 melius
1346 704 1372 725 et
1391 700 1545 725 commodius
1571 700 1619 724 hoc
1644 701 1699 725 loco
1724 701 1748 726 in
1775 701 1886 727 editione

121 757 226 784 operum
240 748 443 773 Linnaeanornm
459 746 639 771 collocandae:
653 760 685 764 —-
705 745 833 778 reliqui
855 753 966 769 omnes
985 749 1058 769 sunt
1076 745 1156 770 libri
1177 743 1361 769 Linuaeani
1385 743 1423 767 ad
1449 742 1638 768 botanicum
1658 745 1844 770 facientes,

194 793 261 817 Sunt
274 791 297 815 in
320 790 358 815 his
376 790 419 823 qui
441 789 548 814 maxime
567 789 599 814 ad
613 789 717 813 Genera
740 787 899 822 Speciesque
915 787 1076 813 Linnaeanas
1090 788 1255 822 explicandas
1272 787 1368 817 valent,
1387 786 1432 811 sed
1454 786 1535 811 minus
1558 787 1674 812 adhiberi
1687 788 1778 819 solent,
1809 796 1886 821 quum

121 835 232 861 rariores
255 834 320 865 sint,
347 833 389 857 vel
409 841 527 857 sermone
546 832 684 857 vernaculo
703 831 856 864 conscript-i,
876 831 917 855 vel
937 831 1067 865 hucusque
1085 832 1194 857 nondum
1209 832 1240 856 ab
1260 830 1391 855 autoribus
1410 829 1537 854 botanicIs
1557 830 1656 860 collati,
1676 836 1704 855 ut
1717 831 1768 856 lter
1780 831 1886 864 Lappo-

120 879 220 909 uicum,
240 876 373 911 Epistolae
393 879 442 901 etc.
468 890 499 894 —
524 876 688 909 Fragmenta
707 875 834 908 quaedam
849 883 878 899 cx
894 875 934 899 his
952 875 1039 906 libris,
1064 876 1113 900 huc
1130 875 1291 908 pcrtincntia
1313 882 1404 898 revera
1420 874 1545 899 eiusmodi
1564 877 1641 905 sunt,
1665 883 1731 907 quac
1748 875 1839 899 melius
1858 874 1886 899 ia

121 922 231 953 Codice,
251 929 329 954 quam
345 920 412 944 alibi
429 920 509 944 locum
530 919 681 949 obtineant,
699 923 729 944 ut
743 927 766 943 v.
785 927 805 943 c.
832 918 972 951 descriptio
990 918 1180 943 Ilalleriac
1197 918 1225 942 in
1244 918 1318 951 epist.
1341 918 1376 942 ad
1391 917 1481 948 Hau,
1503 918 1684 943 llermatis
1709 918 1736 942 in
1758 917 1831 951 epist.
1851 918 1886 942 ad

120 966 210 991 Bur-m.
237 966 363 996 (utraque
374 963 416 988 vix
429 972 445 987 α
460 962 522 987 Gen.
537 963 574 995 pl.
595 966 666 987 textu
680 961 844 994 discrepans)
860 964 883 986 ct
897 961 1006 993 similia,
1023 962 1064 986 vel
1079 961 1203 995 singulae
1216 961 1280 986 illae
1289 961 1444 994 plantarum
1455 961 1622 987 Suecicarum
1638 961 1725 986 breves
1742 969 1885 994 monogra-

120 1009 213 1042 plziac,
233 1008 340 1041 quaein
354 1006 489 1031 itineribus
510 1005 622 1030 Linnaoi
636 1005 750 1030 Succicis
771 1005 882 1038 sparsim
900 1005 1087 1030 intercurrunt.

192 1058 332 1084 Maxime
353 1058 416 1083 hoc
434 1060 598 1091 respectu
617 1056 819 1081 conserendi
845 1060 944 1082 erant
968 1055 1055 1081 libri
1074 1058 1270 1089 sequentes:

197 1113 218 1137 1.
263 1110 379 1134 hmani
399 1109 528 1134 Lnx‘mm.
547 1108 673 1133 —Iter
693 1108 916 1133 Oelaudicum
935 1112 967 1133 et
983 1107 1231 1132 Gotlandicum.
1268 1106 1371 1132 Holm.
1400 1107 1473 1138 1745.
1494 1121 1528 1126 -—
1546 1107 1619 1132 Iter
1636 1106 1886 1140 Vestrogothi-

124 1163 200 1180 cum.
226 1153 379 1178 Holmiae
393 1153 468 1178 1747.
485 1168 520 1171 —-
538 1152 609 1176 Iter
627 1151 814 1176 Scanicum.
840 1151 997 1177 Holmiae
1012 1151 1085 1177 1751.
1128 1150 1217 1174 Diaria
1233 1153 1292 1175 sunt
1310 1149 1424 1180 Linnaei,
1442 1149 1468 1174 in
1481 1158 1552 1175 usum
1570 1150 1729 1184 popularium
1744 1150 1812 1175 edita
1831 1158 1887 1175 cum

124 1196 347 1224 observationibus
367 1195 545 1228 oeconomias,
565 1194 782 1229 ethuographicis,
800 1194 931 1219 historiam
950 1194 1058 1219 Sueciae
1076 1193 1217 1218 naturalem
1234 1193 1408 1226 spectantibus
1426 1196 1532 1218 etc.:—
1550 1194 1631 1218 omnia
1648 1193 1748 1227 quidem
1769 1202 1886 1218 sermone

124 1240 234 1267 Suecico
253 1239 408 1272 conscripta.
450 1239 479 1263 In
500 1238 538 1263 his
562 1239 602 1263 hic
621 1238 681 1269 illic,
701 1238 743 1263 ubi
764 1238 845 1263 rarius
864 1237 989 1270 quoddam
1013 1238 1141 1270 objectum
1161 1237 1291 1267 naturale,
1314 1245 1339 1262 v.
1365 1245 1387 1262 c.
1412 1236 1500 1270 planta
1524 1237 1606 1261 autori
1634 1236 1823 1267 memorabilis,
1848 1237 1887 1261 in-

124 1289 202 1309 venta
220 1287 288 1314 erat,
309 1283 364 1315 ejus
383 1282 523 1314 (linguosis,
543 1290 686 1315 synonyma
702 1290 733 1306 ac
749 1281 890 1314 descriptio
910 1281 1001 1305 Latino
1020 1280 1166 1314 plerumque
1183 1287 1300 1304 sermone
1318 1279 1461 1311 adduntur,
1480 1279 1539 1305 licet
1553 1280 1627 1305 etiam
1644 1280 1781 1305 vernaculo
1796 1280 1883 1314 plures

123 1328 226 1362 plantae
245 1325 391 1359 descriptae
405 1325 471 1357 sint,
491 1325 548 1358 (sed
567 1325 662 1350 haecce
682 1325 831 1358 plerumque
847 1324 933 1357 fugaci
950 1324 1047 1349 calamo
1062 1326 1088 1347 et
1103 1322 1206 1347 brevius
1224 1323 1423 1354 tantummodo).
1446 1339 1480 1342 —
1507 1323 1618 1356 Sparsas
1640 1323 1684 1347 has
1699 1323 1886 1357 descriptiones

123 1370 270 1404 saepissime
289 1369 315 1393 in
332 1369 416 1394 Floris
436 1368 550 1393 Suecicis
571 1372 597 1394 et
620 1368 763 1402 Speciebus
778 1367 927 1393 Plantarum
946 1365 1088 1392 scribendis
1112 1365 1227 1390 adhibuit
1249 1370 1342 1397 autor,
1369 1366 1432 1392 alias
1452 1368 1521 1390 totas
1543 1365 1584 1390 vel
1606 1369 1742 1399 excerptas
1765 1366 1885 1397 reddidit,

123 1414 187 1439 alias
212 1411 315 1443 citavit,
334 1416 362 1437 ut
381 1412 489 1437 lectores
507 1411 685 1442 consulerent,
705 1411 768 1436 alias
793 1410 973 1444 praetermisit.
1014 1409 1159 1434 Nonnullae
1182 1418 1211 1434 ex
1229 1409 1267 1434 his
1287 1410 1367 1434 miuus
1388 1408 1549 1434 necessariae
1561 1413 1635 1440 sunt,
1656 1409 1715 1442 qnia
1740 1418 1801 1434 non
1820 1410 1886 1443 pri-

124 1456 263 1487 mariae,
288 1455 330 1480 vel
352 1455 411 1488 quia
430 1455 478 1480 loci
497 1454 545 1488 ipsi
566 1463 582 1480 a
605 1454 792 1479 recentioribus
818 1453 900 1478 denuo
921 1453 1067 1486 investigati
1087 1456 1163 1477 sunt:
1188 1453 1254 1478 aliae
1272 1457 1360 1477 contra
1384 1452 1567 1483 classicae,
1586 1452 1652 1485 quod
1677 1452 1791 1486 plantam
1815 1453 1885 1486 prin-

123 1500 233 1534 cipalem
251 1499 391 1523 illustrant.
432 1499 522 1531 Itaque
547 1506 596 1522 non
618 1497 761 1531 potuimus,
787 1497 846 1530 quin
866 1497 1032 1521 selectum
1051 1496 1178 1529 quendam
1201 1495 1224 1520 in
1248 1495 1287 1520 his
1307 1495 1394 1520 codice
1417 1498 1505 1520 nostro
1529 1498 1573 1520 aut
1592 1495 1743 1529 recipiendis
1762 1499 1807 1520 aut
1828 1499 1886 1520 tau—

124 1548 178 1569 tum
193 1542 420 1567 commemorandis
444 1542 629 1566 adhiberemus.
671 1540 746 1570 Quae
769 1548 784 1564 a
806 1540 878 1565 nobis
902 1540 926 1564 in
940 1539 1060 1564 Latinum
1081 1548 1094 1564 e
1111 1538 1221 1563 Suecieo
1242 1547 1359 1563 sermone
1378 1546 1469 1563 versae
1486 1541 1553 1570 sunt,
1572 1538 1610 1563 his
1632 1538 1732 1571 linguae
1755 1539 1827 1572 gnari
1847 1538 1887 1563 in-

124 1586 255 1619 dulgeant.
273 1600 308 1604 —
327 1585 426 1609 Extant
443 1584 562 1609 itinerum
580 1592 656 1617 supra
675 1583 802 1608 dictorum
827 1583 959 1608 versiones
978 1582 1163 1613 Germanicae,
1182 1591 1195 1607 e
1207 1581 1298 1615 quibus
1314 1581 1517 1607 Sehreberianae
1538 1582 1648 1616 optimae
1664 1582 1783 1615 fidaeque
1797 1586 1823 1607 et
1839 1590 1886 1615 pa-

125 1629 191 1663 ginis
211 1628 330 1653 editionis
349 1627 475 1652 Snecicae
496 1632 602 1659 anctae,
622 1629 651 1650 ut
675 1634 770 1650 summa
784 1626 907 1650 facilitate
929 1626 1117 1651 adhibeantur:
1138 1625 1219 1649 minus
1237 1624 1260 1649 id
1279 1625 1304 1649 in
1319 1624 1423 1657 reliquis
1443 1625 1523 1650 locum
1539 1626 1624 1650 habet.
1667 1626 1752 1650 Extra
1776 1626 1886 1650 Germa-

125 1673 192 1698 niam
212 1680 274 1696 vero
295 1675 322 1695 et
336 1670 454 1696 Sueciam
470 1670 512 1695 vix
532 1671 682 1703 frequenter
698 1669 912 1694 consuluntur.—
930 1669 1012 1694 Loci
1032 1668 1169 1694 natales
1188 1677 1219 1692 ex
1243 1667 1377 1692 itineribus
1390 1676 1440 1692 non
1453 1668 1485 1692 ad
1503 1668 1625 1700 codicem,
1638 1676 1727 1693 verum
1740 1668 1771 1693 ad
1786 1668 1887 1693 Floram

127 1715 262 1741 Snecicam
278 1722 293 1738 a
317 1713 423 1738 Linnaei
442 1713 542 1738 editore
561 1712 724 1746 comparandi
744 1716 835 1744 erunt,
860 1712 883 1737 id
909 1712 977 1746 quod
998 1715 1051 1736 tum
1075 1711 1131 1745 ipse
1154 1710 1300 1744 saepissime
1324 1710 1388 1735 fecit
1411 1711 1455 1744 L„
1482 1715 1535 1736 tum
1554 1711 1770 1744 WVahlenbergins
1795 1711 1819 1736 in
1842 1719 1888 1736 sna

126 1759 205 1783 Flora
218 1756 327 1782 Suecica
347 1756 480 1789 diligenter
508 1755 627 1790 perfecit.
669 1755 707 1780 Ibi
734 1763 836 1788 quoque
861 1755 963 1790 saepius
982 1755 1059 1780 dubia
1083 1754 1257 1779 botanicornm
1277 1753 1442 1778 Suecicorum
1469 1755 1596 1781 audienda
1621 1759 1711 1785 ernnt3
1742 1763 1797 1779 nam
1822 1754 1888 1779 hand

126 1809 185 1826 raro
205 1799 293 1833 planta
315 1799 470 1831 S)ste1natis
490 1800 572 1824 minus
592 1798 668 1824 dubia
688 1802 744 1830 est,
763 1807 838 1832 quam
858 1798 965 1824 locusin
986 1797 1123 1823 Itineribus
1148 1797 1260 1822 Florave
1280 1797 1389 1822 Suecica
1412 1797 1551 1823 indicatus!
1564 1813 1599 1817 —
1634 1797 1729 1823 Similis
1753 1797 1828 1831 plane
1844 1805 1888 1822 ra-

124 1844 160 1869 tiu
186 1847 263 1875 atque
284 1842 372 1866 hortnu
393 1841 527 1873 itinerum,
548 1844 586 1866 est
604 1841 755 1867 Itineris
782 1841 975 1875 Lapponici
1002 1841 1183 1874 (Lachesis
1208 1841 1410 1873 Lapponica
1433 1841 1478 1866 ed.
1509 1842 1627 1866 Smtth.
1653 1841 1718 1865 Lon
1730 1842 1755 1866 d.
1781 1843 1886 1873 1811.)‚

126 1885 202 1911 diarii
220 1884 360 1909 Linnaeani
375 1903 382 1915 ,
407 1884 475 1917 quod
495 1884 587 1917 partim
606 1885 758 1915 vernat-ulo,
780 1885 874 1918 partim
890 1884 981 1909 Latino
1002 1893 1119 1909 sermone
1139 1884 1309 1917 couscriptum
1328 1884 1429 1908 tandem
1445 1883 1581 1916 aliquando
1602 1892 1617 1908 a
1635 1883 1760 1916 Smhhio,
1781 1884 1824 1908 sed
1842 1892 1887 1917 pro

127 1929 215 1954 dolor!
242 1927 342 1960 anglico
371 1930 469 1951 tantum
493 1935 611 1951 sermone
639 1927 825 1960 proumlgatum
850 1930 899 1951 est.
939 1927 1028 1951 lnsuut
1048 1927 1221 1958 cujuscunque
1255 1925 1358 1958 generis
1388 1925 1629 1950 observatiunculae
1652 1934 1667 1950 a
1693 1926 1889 1959 peregrinatore

126 1973 227 2002 factae,
247 1979 261 1995 e
279 1969 372 2003 quihus
389 1969 524 1994 botanicae
542 1977 646 2002 quoqne
665 1969 731 1993 haud
749 1977 824 1993 rarae
836 1972 862 1993 et
881 1976 896 1992 a
914 1969 986 1993 nobis
1004 1972 1180 2002 comparatae3
1199 1968 1244 1992 sed
1262 1977 1290 1993 re
1311 1977 1373 1993 vera
1391 1968 1529 2002 pleraeque
1543 1973 1681 2002 propterea
1694 1968 1775 1994 minus
1793 1978 1887 1995 memo-

127 2015 234 2046 rabiles,
253 2013 320 2047 quod
333 2013 386 2045 jam
407 2012 432 2037 in
452 2013 529 2037 Flora
543 2011 692 2045 Lapponica
712 2015 738 2035 et
752 2011 892 2035 serioribus
911 2011 987 2036 etiam
1006 2011 1125 2043 operibus
1143 2019 1158 2035 a
1177 2011 1205 2035 l..
1230 2011 1371 2036 luculenter
1386 2011 1516 2036 adhibitae
1532 2011 1594 2037 sint.

198 2074 314 2099 ῙΤΙΝΕΠΑ
333 2079 535 2097 DlSGH‘ULORUM
555 2081 568 2095 ιι
588 2075 684 2095 Liuuurn
710 2074 785 2096 editu,
806 2080 880 2099 nempe
901 2074 1076 2100 Larslinyii
1102 2075 1161 2094 ili-r
1182 2075 1385 2100 Hispanicum
1397 2077 1416 2095 cl
1441 2075 1665 2101 llus-srlqur'stti
1690 2075 1753 2095 ilcr
1780 2077 1887 2096 Pulue-

129 2114 195 2134 sliu
204 2119 216 2132 u
226 2119 261 2135 ιιι,
286 2112 342 2131 inter
366 2116 434 2136 oprru
456 2110 548 2129 [Auunci
563 2109 688 2129 rocensi-uda
715 2115 773 2129 uon
797 2111 859 2130 situl,
887 2110 981 2134 arreptis
1005 2109 1228 2129 uuimazlsrrsionibus
1254 2110 1289 2128 Ιιίι·
1319 2110 1365 2129 illic
1393 2110 1483 2135 parcius
1506 2109 1534 2129 ‹tl›
1560 2110 1642 2129 rulilurt·
1666 2110 1765 2135 (ulscclis.
1815 2112 1888 2137 Neque

129 2148 183 2168 cuiun
204 2152 298 2172 unquam
318 2151 343 2165 cu
368 2145 466 2165 ratione.
494 2150 537 2170 qun
557 2145 654 2169 propriu
674 2143 761 2164 illaria.
781 2143 882 2163 adhibuit
898 2149 922 2162 (Ἢ
943 2144 963 2162 in
984 2143 1106 2163 scribonius
1126 2143 1189 2163 liltris
1208 2144 1368 2170 sgsslt·11111!ie·i.‹,-
1388 2150 1460 2164 rerum
1482 2143 1544 2164 modo
1563 2145 1640 2163 riluril
1665 2146 1684 2163 ct
1703 2145 1738 2164 laia·
1760 2145 1887 2171 rcripifflulu

129 2188 154 2202 nr
176 2182 202 2202 iis
226 2181 324 2206 rrrepil,
345 2179 407 2199 ruodo
423 2184 473 2198 rrre)
489 2179 557 2203 piune
574 2179 723 2203 pruclrrtuisil
741 2179 825 2197 (leucru
846 2178 961 2203 Sprriesrc
979 2180 1017 2197 nul
1040 2178 1204 2198 Oltsrrrulioucs
1227 2178 1405 2204 Disripulururu,
1427 2179 1490 2204 quusi
1511 2179 1579 2204 plum·
1604 2185 1644 2199 uon
1660 2180 1779 2199 aristei-rut.
1828 2181 1886 2200 Hinc

128 2224 148 2237 v,
171 2222 190 2236 r.
208 2216 282 2241 plures
298 2215 391 2240 pluuluc
413 2213 579 2239 Lmssliuyiuum‘
600 2213 704 2238 lmdirqm·
724 2212 851 2238 incoquitur·
871 2214 933 2232 sunt.
964 2215 982 2231 rt
1005 2213 1061 2232 miro
1085 2211 1148 2232 naulo
1173 2218 1186 2231 a
1208 2213 1373 2232 Hrcrulim-ilms
1398 2214 1521 2239 urfica-tur.
1546 2213 1580 2233 ΠΙ
1600 2214 1666 2233 mullo
1684 2214 1753 2233 scrius
1776 2215 1807 2237 (v.
1828 2221 1848 2235 c.
1873 2220 1887 2235 n

132 2252 237 2274 lirun-ru)
257 2250 377 2269 restitutae.
403 2258 429 2262 -·-
471 2248 518 2267 Nox
536 2249 648 2272 ult-umquev
668 2248 710 2267 itm·
728 2249 833 2266 urrurult·
852 2247 996 2268 rnululmms,
1026 2247 1139 2267 citavimus
1161 2246 1198 2266 ulei
1225 2247 1315 2267 rilnuda
1335 2247 1473 2269 viderentur,
1493 2250 1557 2273 atqua·
1578 2247 1648 2267 sicubi
1668 2254 1681 2267 (ι
1704 2248 1801 2268 Linum-u
1822 2249 1887 2275 quusi

130 2286 173 2305 luri
192 2284 296 2310 primarii
313 2283 475 2305 laudarentur,
492 2284 542 2301 tunc
556 2282 616 2302 liuud
630 2287 684 2301 raro
704 2282 770 2301 elium
786 2281 942 2307 crccrpsimns,
964 2281 1000 2301 scd
1018 2282 1088 2308 vuuyis
1108 2283 1131 2301 ut
1148 2281 1226 2301 lectori
1239 2282 1391 2307 plucermuus,
1413 2289 1478 2308 quum
1498 2281 1555 2309 apuu!
1575 2288 1600 2302 ca
1612 2283 1663 2308 jure
1679 2282 1752 2303 codici
1774 2283 1886 2304 inscrenda

130 2319 332 2338 crblitumst-rimus.

199 2368 222 2392 2.
266 2366 421 2390 Erlsromn
441 2363 559 2388 Limnai-:1
579 2364 722 2397 permultae
740 2365 844 2393 extant,
872 2371 979 2396 quarum
997 2362 1079 2388 minor
1105 2363 1278 2388 tantummodo
1298 2372 1358 2397 pars
1378 2363 1462 2388 adhuc
1487 2364 1650 2397 promulgata
1674 2365 1721 2388 est.
1773 2363 1886 2389 Maxime

131 2409 157 2434 in
176 2409 215 2433 his
235 2407 410 2433 memorabiles
430 2415 492 2440 quas
515 2406 595 2432 edidit
613 2407 783 2432 Hallerus
812 2406 886 2432 1773.
918 2407 949 2438 (a
968 2408 1074 2431 Stiivcro
1096 2415 1202 2431 recusae
1220 2410 1243 2432 el
1265 2417 1281 2432 a
1299 2408 1413 2432 Snuitlu'o
1438 2408 1573 2440 anglice),
1593 2410 1620 2432 et
1640 2415 1704 2439 qnas
1725 2415 1783 2431 van
1809 2407 1886 2432 Hali

130 2453 221 2485 (epist.
242 2452 311 2476 iucd.
332 2452 367 2476 ad
386 2452 528 2475 Burmann.
551 2454 597 2476 etc.
641 2450 769 2482 Groning.
792 2449 890 2480 1830),
909 2452 935 2473 et
951 2457 1015 2482 quas
1032 2450 1102 2474 Van
1113 2449 1193 2474 delli
1216 2451 1287 2475 1788.
1317 2451 1410 2481 (rocus.
1437 2452 1463 2475 in
1484 2451 1579 2475 Homer
1597 2451 1685 2482 script.
1704 2450 1770 2483 hisp.
1786 2451 1887 2482 1796.):

130 2498 267 2528 practerea
293 2502 356 2518 vcro
380 2502 443 2526 quas
468 2493 595 2524 Smith,
621 2492 764 2525 Liiders,
788 2490 972 2523 Aszelius,
997 2492 1133 2523 ΛΕΜ-(Η)
1156 2492 1250 2525 aliique,
1272 2493 1364 2526 publici
1387 2493 1451 2526 juris
1469 2494 1595 2519 fecerunt.
1618 2507 1652 2511 —
1685 2492 1888 2518 l'rctiosissimae

130 2546 217 2562 omnes
235 2540 308 2566 sunt,
326 2536 434 2561 maxime
452 2537 554 2569 qnando
576 2544 628 2561 rem
647 2540 792 2561 nascentem
812 2535 953 2560 illustrant.
974 2535 1027 2565 (uti
1047 2543 1078 2559 ea
1093 2544 1159 2567 quae
1175 2537 1206 2560 ‹Ie
1222 2537 1359 2560 mamona
1378 2545 1432 2561 cum
1448 2537 1584 2562 Vandcllio
1607 2537 1663 2569 egit
1676 2536 1735 2567 L.)‚
1754 2535 1795 2560 vel
1809 2544 1885 2568 quum

129 2581 313 2612 demonstrant,
339 2580 466 2612 quomodo
491 2579 533 2604 alii
557 2579 638 2613 ipsum
661 2579 792 2603 coiisusnm
812 2577 946 2602 redderent
965 2578 1005 2610 (ul
1028 2578 1054 2602 in
1072 2578 1188 2603 Ononiclc
1204 2580 1321 2612 rapi-nsi)
1343 2580 1381 2603 tvl
1395 2580 1553 2612 corrigerent
1572 2581 1614 2612 (ul
1633 2580 1660 2604 in
1684 2579 1888 2612 ll'ucliendovfia

130 2624 246 2651 villosa).
289 2622 342 2647 Sed
362 2625 437 2646 rante
459 2622 617 2647 adhibendae
635 2623 707 2647 sunt!
729 2622 830 2647 Talis
849 2621 934 2646 enim
955 2622 1146 2646 censendus
1172 2626 1220 2646 cst
1247 2622 1436 2654 manneus,
1462 2624 1594 2656 qualem
1621 2630 1692 2647 sese
1718 2630 1887 2648 censurat·

133 2665 267 2689 obtulit
294 2666 326 2689 in
351 2666 515 2698 operibus
541 2666 706 2699 Europae
732 2665 902 2695 truditis,
929 2673 974 2689 nec
1001 2673 1062 2689 vcro
1078 2666 1182 2697 quulcm
1207 2674 1233 2690 sc
1248 2665 1376 2698 priuatim
1393 2667 1512 2699 prodidit
1535 2665 1718 2700 familiaribus
1743 2666 1886 2698 colloquiis,

133 2708 247 2740 epistolis
263 2708 408 2740 ‹liariisquc
425 2708 522 2741 raptim
541 2709 704 2742 conscriptis,
728 2708 880 2734 hev-bariono
890 2707 991 2740 fallaci
1004 2710 1027 2732 cl
1043 2707 1174 2732 mutabili.

201 2768 226 2792 3.
266 2768 492 2792 Pni1÷t=12wr10m<=s
514 2776 541 2792 ιΝ
562 2776 678 2793 onium-:s
701 2776 860 2794 siruamus
877 2775 1052 2799 mmwmnnm,
1072 2776 1087 2793 a
1108 2767 1219 2792 lainnaeo
1239 2776 1305 2793 anno
1323 2770 1397 2795 1764.
1421 2778 1506 2794 coram
1526 2767 1686 2794 Fabricio
1709 2766 1815 2799 aliisque
1828 2765 1882 2791 dis-

138 2809 229 2843 cipulis
244 2809 363 2841 habitae,
386 2813 412 2834 ct
437 2819 502 2836 nuno
525 2812 597 2837 1771,
624 2820 709 2837 coram
731 2812 877 2838 Gisclciv
896 2811 1040 2845 repetitae,
1061 2811 1157 2836 abhoc
1176 2810 1229 2836 liro
1247 2820 1278 2836 cx
1299 2816 1408 2845 utroque
1423 2812 1595 2845 manuscripto
1617 2811 1702 2836 editae
1721 2813 1779 2836 sunt
1792 2809 1818 2835 11
1827 2818 1840 2834 a
1849 2818 1887 2834 m-
