1970 3009
488 748 1362 807 PRAEMONENDA.

74 1124 158 1186 De
175 1161 292 1196 magna
311 1150 439 1186 Codicis
456 1152 631 1184 Linnacani
653 1151 786 1184 utilitate
808 1161 962 1195 persuaso
989 1151 1076 1195 milii,
1105 1160 1194 1184 usum
1221 1150 1314 1192 hujus
1341 1150 1446 1194 operis
1472 1148 1635 1182 commodo
1662 1148 1761 1182 indice

75 1221 342 1265 expeditissimum
370 1220 525 1264 reddere,
559 1221 642 1253 omni
670 1230 750 1252 sane
777 1230 876 1263 opera
902 1222 996 1262 atque
1024 1229 1101 1252 cura
1128 1220 1264 1251 maxima
1290 1218 1421 1262 dignum
1446 1218 1548 1250 visum
1576 1221 1624 1251 est
1649 1228 1759 1264 nego-

74 1291 168 1333 tium3
202 1301 261 1323 nce
288 1290 371 1322 mole
399 1291 528 1334 ingente
557 1288 725 1322 deterritus
749 1298 806 1320 nec
834 1298 1011 1332 permagna
1037 1287 1222 1321 difficultate
1252 1289 1394 1320 retentus
1422 1287 1504 1320 omni
1530 1285 1634 1320 studio
1662 1286 1757 1318 labo-

73 1369 139 1391 rem
166 1359 284 1392 huncce
313 1359 598 1392 intricatissimum.
624 1360 656 1390 et
683 1356 912 1401 defatigantem
933 1358 1069 1389 maxime
1098 1359 1129 1389 et
1150 1359 1254 1389 tamen
1282 1365 1405 1388 omnem
1427 1355 1519 1387 animi
1546 1354 1757 1388 adtentionem

72 1429 303 1471 requirentem,
337 1426 553 1460 tantummodo
587 1427 739 1458 scientiae
772 1424 887 1457 ardore
921 1425 1074 1469 impulsus
1100 1425 1236 1468 suscepi.
1289 1424 1324 1456 ln
1351 1422 1544 1456 elaborando
1572 1424 1676 1455 autem
1702 1423 1754 1454 in-

71 1496 140 1528 dice
167 1495 409 1539 diligentissime
436 1499 467 1528 et
495 1495 732 1528 accuratissime
759 1498 924 1538 versatus,
957 1504 997 1525 ne
1024 1493 1133 1526 vitium
1160 1491 1325 1536 quidquam
1349 1492 1610 1536 committeretur,
1641 1490 1753 1524 sedulo

70 1565 158 1608 cavi,
187 1563 340 1607 ideoque,
375 1567 407 1596 ut
431 1564 552 1596 clavem
580 1563 686 1608 operis
718 1563 907 1607 praeberem
933 1571 1023 1604 quam
1050 1563 1187 1595 maxime
1222 1561 1347 1594 fidelem
1383 1563 1474 1603 atque
1505 1560 1651 1604 plenam,
1685 1559 1753 1603 ipse

70 1634 222 1676 exscripsi
249 1632 383 1665 indicem
406 1635 525 1677 totum,
552 1636 585 1665 ut
608 1643 698 1676 quam
722 1632 858 1663 maxime
881 1629 1025 1674 facilem,
1059 1631 1126 1674 ipse
1149 1631 1252 1663 omnia
1279 1630 1308 1661 in
1336 1628 1476 1662 ordinem
1500 1627 1631 1673 redegi,
1662 1629 1693 1660 et
1717 1628 1752 1659 ut

68 1711 159 1744 quam
187 1702 323 1733 maxime
351 1704 544 1744 correctam,
572 1701 639 1744 ipse
667 1705 717 1734 ter
744 1710 896 1743 quamque
924 1699 1088 1743 plagulam
1113 1699 1247 1732 correxi.

231 1785 378 1831 Recepta
404 1790 478 1819 sunt
507 1786 635 1819 nomina
661 1795 837 1830 generum,
861 1785 1036 1828 specierum
1061 1784 1312 1826 varictatumque
1339 1785 1433 1826 atque
1459 1789 1644 1824 synonyma
1665 1778 1749 1811 Lin-

66 1864 201 1899 naeaua,
223 1859 391 1898 praetcrea
413 1865 597 1896 synonyma
621 1865 639 1885 a
659 1854 802 1887 Linnaeo
824 1854 918 1886 citata
940 1854 1044 1885 onmia
1066 1856 1129 1885 tam
1152 1853 1378 1891 botanicorum,
1399 1850 1449 1894 qui
1470 1853 1544 1883 ante
1559 1849 1747 1892 Linnaeum,

65 1933 156 1968 quam
179 1934 309 1967 corum,
336 1924 385 1966 qui
412 1923 555 1956 Linnaeo
581 1923 708 1956 vivente
735 1923 946 1966 scripserunt,
971 1923 1014 1954 ita
1036 1924 1068 1954 ut
1091 1925 1189 1955 totum
1209 1930 1312 1964 paene
1334 1918 1487 1954 Codicem
1518 1919 1547 1950 in
1571 1917 1668 1950 hocce
1694 1915 1748 1948 in-

63 1991 132 2025 dice
158 1992 189 2024 in
214 1992 390 2025 litterarum
414 1991 555 2024 ordinem
582 1991 765 2035 dispositum
792 1992 944 2035 reperias.

228 2077 375 2111 Omissae
409 2076 532 2121 quidem
565 2080 638 2110 sunt
672 2077 775 2110 solnm
805 2075 980 2120 diagnoses
1006 2075 1203 2118 specierum,
1240 2074 1411 2107 trivialium
1441 2071 1600 2105 nominum
1627 2069 1697 2102 loco
1723 2078 1744 2100 a

61 2146 204 2180 Linnaeo
231 2150 303 2179 ante
328 2144 516 2190 Specierum
549 2146 728 2190 plantarum
761 2144 930 2178 editionem
956 2144 1087 2187 primam
1114 2143 1168 2175 vel
1196 2143 1233 2174 ab
1261 2142 1330 2174 aliis
1360 2141 1564 2185 scriptoribus
1593 2137 1742 2171 botanicis

58 2214 236 2248 L’mnaeum
258 2215 318 2247 hac
344 2215 467 2247 ratione
491 2215 609 2247 secutis
641 2214 816 2254 adhibitae,
844 2213 896 2245 ubi
919 2212 999 2245 tales
1022 2211 1150 2255 plantae
1172 2210 1275 2242 eidem
1298 2210 1430 2255 generi,
1460 2210 1507 2241 cui
1531 2208 1561 2239 in
1581 2205 1643 2238 illis
1670 2204 1743 2237 dia-

59 2285 212 2329 gnosibus
236 2282 416 2327 adscriptae
445 2287 530 2328 sunt,
558 2284 651 2316 etiam
680 2284 709 2315 in
731 2281 852 2317 Codice
879 2281 1030 2323 subsunt3
1059 2280 1107 2311 sin
1134 2290 1212 2311 vcro
1240 2280 1296 2311 sub
1323 2278 1386 2310 alio
1414 2286 1535 2320 genere
1564 2276 1594 2307 in
1621 2271 1742 2306 Codice

58 2356 132 2386 sunt:
157 2351 356 2385 evolvendae
383 2352 436 2384 vel
470 2353 521 2385 ubi
551 2353 615 2384 alia
647 2351 759 2384 aderat
793 2361 888 2384 causa
915 2351 1023 2393 justa,
1059 2347 1119 2380 has
1145 2357 1268 2390 quoque
1294 2346 1465 2390 diagnoses
1493 2343 1583 2376 indici
1608 2341 1739 2384 inserui,

58 2430 99 2452 ne
123 2420 211 2465 quid,
239 2420 321 2464 quod
347 2420 441 2454 alicui
463 2422 492 2453 in
517 2419 638 2454 Codice
660 2421 808 2454 momenti
833 2429 906 2453 esse
932 2418 1053 2462 possit,
1080 2416 1198 2449 frustra
1224 2415 1255 2446 in
1282 2414 1383 2447 indice
1410 2415 1626 2457 quaereretur·

221 2505 387 2539 Genericis
412 2509 443 2539 et:
463 2507 639 2540 trivialibus
662 2506 837 2539 nominibus
861 2505 1039 2549 plantarum
1062 2500 1257 2535 Linnaeanis
1276 2510 1354 2544 opus
1376 2498 1473 2542 illud,
1494 2498 1524 2530 in
1551 2505 1610 2539 quo
1633 2495 1736 2539 primo

57 2582 76 2604 a
103 2572 246 2606 Linnaeo
273 2578 344 2607 sunt
369 2577 553 2620 proposita,
584 2586 642 2619 per
663 2575 841 2608 litterarum
867 2568 1083 2617 compendium
1108 2569 1222 2615 (quam
1249 2568 1287 2601 ob
1321 2578 1389 2600 rem
1420 2568 1450 2599 in
1478 2564 1598 2599 Codice
1625 2563 1733 2607 pagin-

57 2640 173 2673 XXX.
202 2646 234 2675 et
262 2642 394 2676 XXXI.
423 2642 593 2688 conferas)
621 2654 747 2689 semper
776 2643 951 2688 adpositum
985 2644 1054 2685 est,
1088 2640 1131 2672 ita
1160 2641 1213 2682 ut,
1243 2637 1274 2669 in
1302 2646 1435 2680 quonam
1467 2643 1563 2677 opere
1584 2633 1734 2674 cujusque

54 2710 185 2753 generis
218 2720 333 2744 nomen
360 2712 460 2755 primo
496 2723 517 2744 a
540 2713 706 2746 Linnnaeo
734 2714 896 2757 receptum
928 2713 958 2744 et
985 2708 1109 2742 triviale
1143 2708 1293 2749 cujusque
1331 2704 1446 2748 speciei
1479 2710 1594 2735 nomen
1631 2699 1732 2744 primo

55 2777 159 2810 datum
189 2778 242 2822 sit,
269 2780 373 2812 statim
401 2779 522 2814 videas.
