1970 3009
874 53 1037 83 MONENDA
1060 62 1208 83 Bol'roms.
1896 58 1938 85 X}

222 139 290 166 obs.
313 140 337 167 4.
375 139 527 174 Reliqua
549 139 738 172 Synonyma
758 146 790 162 ex
811 137 930 171 operibus
947 138 1091 163 minoribus
1110 138 1150 171 (ἓ.
1169 138 1192 164 5.
1212 138 1238 170 2,
1255 138 1300 171 3.)
1320 138 1387 164 notis
1405 139 1488 164 textui
1509 139 1634 173 subjectis
1656 148 1825 166 recensemus.

259 188 286 229 ξ.
312 189 363 220 24.
392 188 492 220 LOCI
518 187 705 220 NATALES
728 197 745 217 e
769 186 860 217 dictis
887 188 1033 229 operibus
1056 187 1160 218 hausti
1179 185 1224 230 (ξ.
1242 189 1272 218 5.
1289 189 1331 228 1.)
1350 189 1427 218 ilem
1446 189 1528 218 hunc
1546 195 1667 219 {extum
1684 189 1810 228 intrant,
1828 189 1936 222 addito

151 240 310 272 interdum
333 253 394 272 uno
415 242 518 271 aliove
539 251 580 270 ex
601 239 669 269 Am.
687 249 732 269 ac.

225 301 289 322 Ohs.
313 301 457 326 Nequaquam
478 305 531 319 vem
550 299 707 325 speciales
727 298 776 319 illus
801 299 893 319 locos
912 298 1037 319 natales
1059 298 1178 319 Flornrum
1195 297 1342 319 Sacc-irarum
1358 300 1399 319 erc.
1424 299 1561 324 recepimus,
1581 299 1663 325 quippe
1680 299 1717 325 qui
1734 299 1838 325 operibus
1862 300 1905 319 illis
1923 306 1935 320 e

152 335 257 355 meum-lu
280 337 355 356 nostru
378 334 405 360 (ὁ.
425 335 457 355 14.
473 334 506 357 3.)
525 334 553 354 ad
575 334 688 359 simplices
706 335 819 359 catalogos
839 334 951 357 redactis,
978 334 1089 353 inserendi
1107 333 1180 354 forent
1201 334 1320 360 aliquando
1344 333 1439 354 edendis
1456 334 1568 360 Operibus
1587 334 1730 354 Limmcauis.
1768 333 1797 354 Et
1817 334 1860 354 illic
1882 340 1935 355 sane

151 371 217 391 etiam
235 371 276 391 luci
291 371 376 390 natales
392 376 421 389 ex
437 369 553 389 itineribus
573 369 706 389 Linnucuuis
721 370 836 395 speciatim
853 369 983 389 recensendi
999 368 1080 390 forent.

255 423 283 463 ξ.
310 422 361 453 25.
399 421 738 453 DESCRIPTIONES
764 434 804 454 ex
827 424 914 454 libris
937 422 979 464 (ξ.
996 422 1025 453 5.
1044 434 1073 452 n.
1090 423 1132 462 1.)
1157 421 1196 451 ad
1219 428 1360 462 systema
1386 422 1614 464 pcrtinentibus
1635 422 1717 452 hunc
1737 428 1859 453 textum
1884 433 1936 453 se-

151 481 300 517 quunlur,
326 475 437 506 litteris
461 474 617 505 interdum
640 475 815 506 minoribus
835 486 986 513 excusae,
1016 475 1109 517 spatii
1135 475 1243 513 gratia.

220 530 290 556 Obs.
332 530 603 565 Descriptiones
634 531 780 565 Operum
809 531 976 556 minorum
1004 531 1044 562 (ξ.
1063 530 1103 562 5.,
1122 530 1148 561 2,
1168 529 1207 562 3,)
1235 531 1359 563 quantum
1383 528 1441 554 fieri
1468 528 1553 563 potuit
1578 537 1692 554 omnes
1719 529 1864 563 recepimus
1886 530 1934 555 snb

148 577 221 599 textu
241 574 286 600 illo
310 575 432 608 typisque
450 575 592 600 minoribus
611 574 703 600 excudi
722 575 884 600 curavimus:
907 574 1025 608 exceptis
1044 577 1146 606 tamen,
1175 581 1242 606 quae
1262 573 1335 598 nimis
1354 573 1446 606 longae
1469 582 1515 607 pro
1541 572 1637 598 codicis
1656 573 1786 598 volumine
1805 578 1881 607 atque
1901 574 1935 599 ob

146 617 210 642 satis
229 618 358 651 cognitam
377 618 499 652 speciem,
515 626 724 653 supervacaneae
743 619 846 649 forent,
865 622 895 644 ut
910 628 935 644 υ.
956 627 976 643 c.
994 626 1097 652 paucae
1111 626 1142 642 et
1157 617 1197 642 Ft.
1224 617 1306 650 Lapp.
1336 620 1361 642 et
1381 616 1416 642 H.
1436 617 1506 650 Cliff.
1553 616 1602 641 Vix
1626 621 1745 650 putamus
1765 616 1880 650 singulas
1903 626 1934 642 ex

147 660 247 686 omissis
267 670 281 686 a
300 661 441 687 lectoribus
467 661 642 688 desideratum
661 662 709 695 iri,
738 666 818 695 atque
840 667 869 687 ut
888 663 937 688 hae
955 669 1058 696 quoque
1078 670 1094 686 a
1113 660 1212 694 cupidis
1232 659 1319 685 evolvi
1339 663 1365 684 et
1384 659 1409 684 in
1429 659 1526 685 codicis
1546 660 1676 694 eveniplar
1695 661 1845 686 transscribi
1873 669 1931 694 pos-

147 704 214 737 sint,
242 703 310 738 ipsos
334 713 436 738 quoque
458 705 594 731 citavimus
616 706 697 731 verbo
723 705 802 739 „cf”
821 706 917 731 addito.
938 722 973 726 —
992 705 1047 731 Sed
1072 703 1261 738 descriptiones
1282 707 1309 729 et
1331 703 1530 728 observationes
1551 712 1582 728 ex
1611 703 1734 737 operIbus
1760 703 1935 738 systematicis

149 749 188 780 (ἓ.
210 749 234 774 5.
254 749 299 781 1.)
319 757 428 775 omnes
446 749 473 774 in
488 749 578 775 codice
598 749 723 776 invenies.

253 804 283 846 ξ.
307 807 359 836 26.
413 806 624 844 NOTULAE,
653 808 765 850 typis
789 807 1017 837 minoribus
1042 815 1239 843 excusae,
1271 815 1352 846 quae
1374 805 1439 842 jam
1463 810 1632 846 sequuntur
1651 811 1772 836 textum
1792 817 1934 836 comme-

147 863 304 888 moratum
327 858 368 899 (ξ.
382 859 566 900 22.—25.)‚
592 858 632 890 ad
653 860 772 902 reliqua
793 870 887 902 opera
913 858 1102 889 conserenda
1118 864 1149 888 et
1174 858 1312 888 criticam
1330 858 1537 898 cujuscunque
1563 858 1680 900 speciei
1707 858 1934 889 absolvendam

146 909 330 941 inserviunt.

218 966 286 992 Obs.
314 967 336 992 1.
381 967 579 1001 Synonyma
598 968 721 994 minorum
740 976 847 1002 operum
868 968 907 1001 (S.
925 967 949 994 5.
969 967 996 997 2,
1008 966 1053 999 3.)
1073 965 1116 991 ubi
1133 966 1188 992 fere
1203 965 1292 991 eadem
1312 967 1385 996 sunt,
1405 963 1557 990 brevissima
1576 963 1699 989 methodo
1718 964 1862 994 reddimus,
1889 964 1933 989 ubi

145 1008 222 1042 plane
244 1009 350 1043 eadem,
370 1011 458 1036 verbis
477 1020 550 1044 „sym
583 1012 692 1038 eadem”
710 1011 859 1044 indicamus,
882 1011 1062 1045 intelligentes
1083 1010 1189 1044 quidem
1205 1018 1348 1044 synonyma
1367 1012 1529 1034 autorum
1549 1008 1728 1034 hamaicorum
1746 1012 1859 1034 veterum
1879 1009 1926 1041 (cs.

146 1052 170 1084 §.
185 1053 229 1079 23.
250 1054 300 1080 obs.
319 1054 369 1087 1.).

216 1097 287 1123 Obs.
315 1099 339 1124 2.
383 1097 494 1124 Locos
513 1099 654 1125 natales
672 1108 704 1125 ex
728 1099 768 1125 his
787 1099 928 1125 minoribus
947 1099 1071 1135 operibus
1089 1107 1267 1134 comparamus
1286 1098 1436 1133 saepissime
1453 1095 1478 1121 in
1500 1095 1539 1122 his
1560 1095 1665 1128 notulis,
1685 1095 1707 1121 si
1725 1105 1776 1122 non
1797 1096 1932 1123 manifesto

148 1148 371 1175 supervacaneum
391 1142 429 1175 (5.
449 1142 491 1168 24.
517 1143 592 1175 obs.)
611 1142 637 1167 id
656 1143 738 1168 visum
760 1142 845 1168 fuerit.

219 1185 289 1210 Obs.
315 1185 340 1211 3.
383 1185 656 1220 Descriptiones
682 1190 708 1211 et
737 1185 1070 1212 Animadversiones
1090 1186 1122 1211 ad
1147 1186 1285 1212 botanicen
1304 1185 1500 1219 diagnosticum
1525 1183 1700 1218 pertinentes.
1726 1186 1849 1217 quantum
1875 1183 1931 1209 fieri

147 1229 236 1262 potest
254 1236 316 1253 cun
328 1231 401 1254 ctas
419 1229 583 1255 Linnaeanas
603 1230 747 1263 recepimus
767 1230 815 1263 (cf.
836 1231 861 1261 ἓ.
880 1230 922 1255 25.
947 1230 1002 1254 obS.
1031 1232 1058 1255 ct
1077 1231 1103 1261 §.
1123 1228 1181 1261 14.)
1202 1239 1216 1254 e
1233 1229 1304 1254 libn's
1324 1229 1380 1254 istis
1400 1227 1555 1262 specialibus
1575 1228 1613 1258 (ἓ.
1624 1227 1647 1253 5.
1663 1228 1687 1253 Ξ.
1700 1227 1754 1260 3.).

222 1272 291 1298 obs.
318 1273 342 1299 4.
371 1272 490 1298 Tandem
513 1272 589 1298 etiam
609 1282 639 1298 ex
659 1273 761 1298 libris
783 1272 1052 1298 recentioribus
1071 1273 1277 1298 autoritate
1301 1272 1458 1306 genuina
1477 1272 1513 1296 ad
1531 1271 1698 1305 explicandus
1715 1272 1782 1296 locos
1799 1271 1933 1296 Linnaea-

147 1324 195 1341 nos
213 1316 304 1342 dubios
319 1317 480 1350 pollentibus
499 1317 538 1350 (v.
558 1325 580 1342 c.
601 1316 717 1341 Suaclcis
737 1320 763 1341 et
787 1316 915 1350 Anglicis)
939 1316 1009 1341 locos
1029 1315 1204 1350 excerpsimus
1221 1316 1263 1341 vel
1282 1315 1424 1341 sententias
1448 1319 1567 1340 autorum
1586 1314 1700 1339 breviter
1719 1313 1872 1339 addidimus.
1896 1328 1930 1333 —-

149 1358 315 1385 Nostram
334 1369 396 1385 vero
417 1360 561 1394 opinionem
580 1360 731 1385 brevissime
751 1363 777 1385 et
795 1359 951 1394 aphoristice
970 1362 1070 1384 tanturn
1089 1359 1242 1392 adjecimus,
1263 1367 1423 1393 nequaquam
1443 1367 1473 1383 ea
1491 1358 1564 1389 freti,
1585 1362 1611 1383 et
1623 1357 1710 1392 potius
1729 1358 1762 1382 ad
1780 1357 1930 1382 excitandas

150 1402 181 1427 V.
206 1403 237 1428 D.
266 1402 466 1437 disquisitiones.
508 1405 608 1430 Forsan
627 1403 676 1429 alio
696 1407 812 1438 tempore
831 1408 857 1429 et
875 1403 940 1436 loco,
961 1403 1101 1438 praecipue
1119 1402 1145 1428 iu
1159 1402 1376 1437 Ephemeridibus
1393 1402 1530 1435 botanicis,
1549 1402 1626 1427 dubia
1639 1401 1763 1435 quaedam
1780 1401 1928 1426 Linnaeana

146 1445 276 1471 illustrare
295 1447 322 1472 in
340 1447 423 1472 animo
443 1447 517 1472 uobis
536 1450 584 1473 est.

253 1503 280 1545 ξ.
305 1506 357 1536 27.
392 1504 626 1536 HISTORICE
654 1505 826 1535 tractari
853 1505 1008 1544 singulam
1030 1515 1186 1546 quamque
1213 1504 1368 1547 speciem,
1397 1506 1443 1535 ita
1462 1508 1498 1534 nt
1520 1504 1645 1543 singula
1675 1513 1771 1543 opera
1800 1507 1929 1533 strenuo

149 1555 259 1587 ordine
281 1558 496 1597 chronologico
518 1559 703 1595 citarentur,
726 1564 757 1588 et
775 1559 806 1588 in
822 1563 913 1588 tea-cn
929 1560 1005 1599 ipso,
1032 1563 1063 1588 et
1081 1559 1112 1587 in
1130 1559 1265 1587 notulis:
1292 1557 1394 1598 primo
1413 1556 1526 1585 intuitu
1549 1555 1703 1596 optimum
1726 1555 1816 1584 nobis
1838 1553 1928 1584 vide-

150 1607 250 1637 batur.
312 1609 437 1639 Lectori
464 1615 544 1639 certe
571 1609 867 1640 commodissimum
896 1611 1017 1640 suisset.
1072 1608 1136 1639 Sed
1166 1609 1267 1650 spatio
1300 1619 1394 1649 quam
1418 1607 1558 1636 maxime
1590 1605 1816 1635 consulendum
1844 1605 1928 1634 erat!

150 1657 257 1696 Quare
273 1660 455 1702 plerumqun
472 1672 509 1691 ea
533 1672 638 1702 opera,
663 1673 742 1702 quae
757 1663 920 1698 simillima,
937 1661 1043 1691 statim
1059 1666 1131 1702 post
1153 1666 1275 1689 textum
1292 1660 1396 1701 ipsum
1416 1658 1551 1698 (§.22.):
1570 1658 1704 1698 reliqua,
1733 1668 1813 1698 qnae
1828 1658 1929 1697 magis

147 1710 373 1752 discreparent,
399 1713 498 1742 serius
521 1713 745 1743 recensuimus.
779 1711 874 1750 Quod
891 1724 931 1742 ne
946 1713 1015 1753 quis
1032 1711 1138 1741 codice
1154 1721 1265 1740 usurus
1285 1711 1390 1751 inique
1413 1711 1500 1747 ferat,
1530 1708 1581 1739 Co
1592 1720 1611 1737 n
1622 1719 1665 1750 sp
1676 1719 1693 1738 e
1704 1714 1808 1738 ctum
1833 1721 1851 1738 υ
1863 1720 1881 1749 p
1892 1719 1928 1738 e-

147 1772 230 1791 rum
258 1763 595 1802 chronologicum
623 1765 707 1803 (lab.
721 1763 768 1802 I.)
797 1763 989 1793 addidimus.
1045 1762 1151 1801 Quem
1169 1763 1197 1792 si
1215 1762 1380 1801 diligenter
1396 1762 1539 1791 consulas
1563 1761 1597 1790 L.
1617 1759 1653 1789 B.
1682 1759 1730 1796 (id
1752 1759 1837 1801 quod
1862 1762 1927 1798 jam

146 1813 248 1844 vitare
271 1825 334 1843 non
365 1814 525 1856 polerisl)
543 1826 667 1845 summo
687 1816 899 1845 emolumento
915 1817 1121 1856 cujuscunque
1141 1815 1257 1856 speciei
1279 1814 1476 1843 historiolam
1502 1812 1622 1842 [ibimet
1643 1812 1712 1853 ipse
1731 1819 1903 1842 construes.

222 1863 286 1885 Obs.
314 1864 347 1884 lta
366 1866 441 1884 evenit
459 1871 481 1884 v.
499 1871 534 1888 c.‚
553 1866 577 1884 ut
596 1866 728 1890 saepissime
742 1866 896 1891 scripserimus
914 1865 974 1891 ..Sp.
987 1866 1004 1886 1.
1022 1866 1068 1886 113¹
1097 1865 1140 1889 „S.
1156 1865 1187 1885 Χ.
1203 1864 1275 1887 ΧΙΙ,”
1294 1864 1347 1884 licet
1367 1864 1424 1884 inter
1442 1862 1482 1889 Sp.
1498 1862 1514 1882 Ι.
1535 1863 1557 1882 et
1571 1861 1597 1882 11.
1624 1862 1732 1888 temporis
1749 1863 1834 1882 ratione
1851 1862 1926 1883 hahita

149 1897 181 1919 Fl.
202 1897 226 1919 S.
242 1898 270 1919 11.
289 1900 312 1919 et
335 1898 359 1919 S.
374 1899 402 1920 X.
423 1900 525 1923 intersit,
545 1901 564 1919 et
581 1900 614 1920 sic
632 1905 712 1926 porro.
753 1899 799 1919 Sed
811 1900 845 1920 his
863 1906 914 1919 mox
929 1900 1060 1920 anlscucscet
1076 1899 1102 1920 L.
1118 1899 1149 1919 B!

253 1951 281 1992 ξ.
309 1953 362 1983 28.
415 1952 539 1983 SIGNA
569 1959 600 1982 et
620 1952 992 1984 ABBREVIATIONES
1016 1952 1190 1994 recepimus
1211 1962 1265 1989 ea,
1295 1961 1374 1992 quae
1392 1951 1474 1982 inter
1492 1951 1654 1981 bolanicos
1680 1950 1819 1990 vulgaria
1845 1961 1926 1980 nunc

148 2010 236 2035 sunt:
265 2010 296 2034 et
319 2010 463 2035 nostra
491 2005 719 2047 explicavimus
747 2005 819 2034 illa
850 2006 924 2037 Ταῦ.
944 2006 1000 2043 ΙΙ.,
1022 2005 1095 2035 has
1124 2005 1188 2035 tab.
1206 2005 1230 2034 I.
1260 2008 1291 2033 ec
1311 2005 1354 2034 II.

220 2059 294 2085 obs.
335 2059 396 2093 Ipse
408 2059 437 2084 L.
464 2059 544 2093 signis
567 2059 666 2085 varium
686 2059 712 2084 in
732 2059 832 2084 modum
856 2060 978 2085 utebatur
993 2059 1018 2085 in
1041 2059 1152 2085 diversis
1176 2059 1307 2093 operibus.
1349 2059 1386 2083 Ita
1401 2058 1425 2083 in
1448 2058 1477 2084 S.
1492 2058 1508 2083 I.
1535 2057 1634 2090 signum
1652 2057 1670 2089 †
1696 2057 1783 2082 Genus
1801 2066 1863 2082 που
1873 2065 1926 2082 um

149 2103 333 2128 Linnaeanum
352 2103 460 2128 denotat
481 2103 523 2136 (id
543 2103 611 2136 quod
631 2111 693 2133 uos,
714 2105 854 2136 praeeunte
873 2103 900 2127 S.
917 2103 967 2133 ΙΙ.,
985 2103 1074 2128 littera
1092 2102 1165 2134 „L.''
1185 2102 1355 2136 expressimus
1373 2101 1519 2135 ubicunque
1540 2101 1566 2125 in
1589 2101 1617 2126 S.
1633 2101 1653 2126 1.
1672 2100 1876 2133 inveneramus),
1890 2115 1925 2119 —

148 2152 242 2171 contra
268 2153 289 2173 ὲκ
314 2146 487 2172 incertum
510 2147 542 2171 ab
562 2147 698 2172 autoribus
719 2150 849 2179 receptum
871 2146 956 2178 (quod
974 2154 1020 2170 nos
1039 2146 1153 2178 verbis).
1171 2160 1205 2164 --
1241 2145 1269 2170 In
1290 2146 1359 2170 Gen.
1383 2144 1416 2178 pl.
1442 2152 1463 2172 au:
1482 2145 1546 2177 sign.
1565 2145 1687 2178 plantam
1703 2145 1837 2170 vivam.
1858 2147 1883 2167 et
1904 2144 1924 2173 †

149 2189 231 2222 (quod
251 2197 297 2213 nos
312 2189 338 2214 in
356 2191 387 2221 ->’<-
403 2189 570 2221 mutavimus)
592 2190 716 2215 siccam
740 2189 926 2215 examinatam.
953 2203 987 2207 --
1014 2189 1042 2214 In
1057 2189 1097 2214 Fl.
1117 2189 1199 2223 Lapp.
1223 2189 1312 2214 eadem
1331 2195 1352 2214 ὲκ-
1376 2191 1403 2211 et
1418 2187 1436 2219 -l-
1453 2187 1486 2212 ad
1500 2187 1644 2221 specierum
1664 2187 1801 2219 diagnoses
1826 2186 1924 2211 addun-

144 2236 206 2263 tur3
230 2233 274 2257 ubi
296 2232 359 2265 quid
375 2233 507 2263 indicent,
538 2234 664 2264 incertum
689 2237 742 2264 est,
762 2236 824 2258 testo
843 2233 928 2257 Smith
947 2232 975 2257 in
993 2233 1037 2258 Fl.
1063 2233 1147 2265 Lapp.
1183 2233 1221 2258 ed.
1242 2233 1274 2257 ΙΙ.
1308 2233 1426 2265 praefat.
1470 2230 1563 2256 Nonne
1586 2240 1646 2256 vcro
1666 2238 1755 2255 rursus
1781 2229 1876 2253 siccam
1897 2232 1924 2254 et

147 2276 237 2302 vivam
257 2277 382 2309 plantam
400 2275 524 2300 denotare
544 2276 641 2309 putes?
677 2277 818 2301 Praeterea
836 2275 954 2300 asterisci
974 2275 989 2289 '¹‘
1014 2276 1045 2301 ad
1064 2275 1254 2300 subdivisiones
1279 2274 1398 2299 classium
1423 2282 1579 2307 generumve
1603 2282 1682 2306 saepe
1707 2272 1868 2296 adhibentur.
1891 2285 1920 2290 ——

146 2319 255 2352 S'Qnum
274 2320 293 2350 †
313 2318 338 2344 iu
363 2318 473 2352 Sp.I—
489 2318 518 2343 S.
538 2318 610 2343 XIII.
636 2318 735 2344 indicat
758 2319 879 2352 plantam
907 2319 1063 2351 dubiam,
1089 2328 1107 2344 s.
1141 2319 1386 2352 incognitam,
1413 2317 1480 2350 quod
1507 2325 1554 2341 nos
1572 2315 1737 2343 retinuimus3
1765 2314 1832 2339 idem
1858 2316 1878 2345 †
1896 2313 1921 2339 in

145 2362 343 2396 Conspectubus
361 2362 393 2387 ad
418 2361 513 2386 classes
538 2361 650 2394 singulas
678 2363 725 2395 (ex
746 2362 820 2394 Syst.
837 2360 1005 2395 X-xm.)
1025 2362 1133 2387 denotat
1151 2361 1340 2387 anomalus
1357 2360 1467 2393 plantas
1487 2368 1516 2385 ex
1537 2359 1598 2383 aliis
1613 2359 1745 2383 classibus.
1763 2373 1792 2377 -
1813 2357 1921 2390 Signum

144 2413 166 2433 ³4
185 2405 212 2430 in
238 2406 316 2439 Spec.
341 2405 374 2439 pl.
395 2404 552 2436 adhibitum,
578 2408 646 2430 teste
672 2405 836 2440 praefatione
859 2404 987 2438 significat
1014 2406 1293 2439 descriptionem
1318 2403 1343 2428 in
1367 2403 1453 2436 aliquo
1476 2403 1556 2427 citato
1583 2410 1663 2435 opere
1690 2400 1746 2426 dari
1766 2401 1851 2434 (qnod
1875 2409 1922 2426 nos

145 2449 227 2474 verbo
246 2448 385 2481 „(desc.)⁷’
405 2447 570 2473 reddidimus.
608 2449 668 2474 Hoc
691 2450 765 2482 signo
784 2448 908 2480 nonnulli,
927 2449 970 2481 qui
987 2448 1080 2474 leviter
1098 2449 1265 2482 inspexerant
1282 2447 1386 2480 Species
1403 2446 1575 2476 plantarum,
1592 2444 1693 2478 decepti
1715 2448 1791 2475 sunt,
1812 2448 1841 2469 ut
1862 2452 1920 2469 cre-

149 2492 242 2518 derent
260 2500 324 2525 opus
343 2490 562 2525 praecipuum
581 2494 608 2516 et
629 2500 692 2525 prae
716 2492 811 2517 ceteris
830 2491 934 2516 fidum
959 2500 990 2516 eo
1009 2492 1131 2524 indicari,
1153 2492 1179 2517 id
1193 2491 1261 2526 quod
1277 2498 1404 2524 nunquam
1426 2489 1452 2514 in
1469 2492 1579 2513 mentem
1600 2487 1673 2512 veuit
1691 2487 1814 2513 Linnan.

217 2544 285 2570 Obs.
308 2545 335 2569 2.
373 2543 669 2568 Abbreviationes
694 2542 860 2575 Linnaei,
883 2546 914 2568 ut
936 2552 985 2578 par
1003 2546 1060 2575 est,
1082 2544 1178 2569 nostris
1198 2541 1415 2568 commutavimus.
1458 2540 1500 2565 Ita
1519 2548 1543 2564 v.
1566 2548 1587 2564 c.
1609 2540 1740 2564 Generum
1758 2539 1790 2572 pl.
1817 2538 1880 2565 edit.
1898 2538 1918 2564 I.

146 2586 173 2612 in
189 2586 265 2611 Musa
281 2586 350 2611 Cliff.
375 2586 472 2611 citatur
489 2586 711 2618 „Characteres”,
725 2587 751 2611 in
767 2586 806 2610 ΕΙ.
829 2586 910 2619 Lapp.
936 2587 985 2618 „Q
1003 2586 1052 2612 G.·'
1072 2587 1173 2612 Rursus
1186 2586 1212 2611 in
1229 2587 1256 2611 S.
1267 2586 1300 2611 X.
1325 2585 1410 2617 „Gern
1428 2583 1490 2616 pl.”
1508 2582 1640 2616 significat
1657 2582 1795 2607 editionem
1815 2582 1919 2614 Vtam,

148 2629 177 2654 in
201 2630 228 2654 S.
248 2629 311 2655 XII.
338 2628 476 2654 editionem
499 2629 618 2654 Vltam.
651 2628 708 2654 Nos
726 2637 790 2662 ergo
813 2628 962 2662 scripsimus
980 2630 1031 2661 „G.
1053 2629 1095 2655 1.''
1115 2630 1167 2662 „G.
1191 2629 1244 2653 1’.”
1261 2632 1307 2654 etc.
1339 2641 1374 2645 —
1394 2627 1475 2651 Porro
1501 2626 1527 2650 in
1543 2626 1621 2659 Spec.
1638 2626 1658 2651 I.
1695 2625 1756 2658 „Ft
1776 2626 1849 2650 Sacc.
1870 2624 1921 2650 55’‘

148 2671 254 2697 denotat
278 2672 338 2705 „FL
364 2671 490 2698 Suecicae
506 2672 565 2697 edit.
581 2672 600 2698 1.
626 2680 649 2697 u.
669 2671 728 2705 55”‚
749 2671 815 2697 etin
841 2672 886 2706 Sp.
906 2673 941 2698 ΙΙ.
971 2672 1093 2698 scribitur
1116 2673 1178 2705 ‚‚Fl.
1206 2672 1279 2696 Suec.
1293 2671 1349 2700 55„
1363 2668 1446 2702 61.'‘,
1463 2668 1532 2703 quod
1558 2677 1603 2693 nos
1629 2668 1690 2700 „FL
1716 2670 1743 2693 S.
1766 2669 1786 2694 1.
1815 2677 1840 2693 u.
1862 2669 1919 2699 55.,

149 2714 183 2740 11.
207 2723 232 2738 n.
248 2714 314 2740 61.”

219 2757 291 2782 Obs.
315 2757 339 2783 3.
382 2757 459 2787 Quae
474 2765 560 2783 nunc
578 2757 740 2790 vulgaria
753 2760 813 2783 sunt
830 2758 903 2791 signa
923 2761 951 2784 et
970 2757 1178 2784 abbreviationes
1199 2756 1265 2781 inter
1286 2754 1433 2788 botanicos,
1459 2754 1545 2781 nullibi
1568 2754 1765 2789 explicavimus,
1790 2753 1849 2787 quia
1873 2754 1920 2779 hoc

146 2807 365 2835 supervacaneum
383 2799 484 2826 suisset.
