1970 3009
80 93 109 122 X
788 91 964 129 ,ΜοΝΕΝυΑ
988 101 1136 122 murenis.

151 177 221 203 Obs.
250 178 272 203 1.
315 177 425 202 Leves
450 176 669 203 variationes
697 175 844 202 nominis
869 185 917 202 non
940 176 1102 208 notavimus,
1128 176 1167 201 uti
1188 185 1209 201 v.
1230 185 1251 201 c.
1276 174 1302 200 in
1322 183 1399 207 voce,
1419 175 1628 209 ‚‚caespit0sns¹⁷‚
1659 180 1719 203 ante
1748 178 1794 213 Sp.
1813 179 1846 206 II.

84 220 218 255 plurimum
239 221 293 246 sola
307 221 394 246 littera
414 220 463 253 „e”
485 221 593 255 scripto.
635 221 681 246 Sic
698 221 728 246 L.
748 219 774 244 in
789 220 835 254 Sp.
845 220 877 245 11.
901 220 1005 253 scripsit
1023 219 1236 253 „heclerisolia”
1254 223 1329 251 etc„
1350 223 1440 244 contra
1459 220 1701 253 .,hederaesolia⁷⁷
1720 221 1745 246 in
1763 222 1809 256 Sp.
1827 223 1848 249 Ι.

84 268 109 291 et
128 265 156 290 S.
172 264 243 290 XIII.
263 281 297 284 —
335 264 436 294 Quodsi
456 263 545 288 melior
566 264 656 289 aderat
671 263 758 295 lectio,
781 271 837 288 eain
857 262 993 295 elegimus:
1015 263 1054 288 sin
1070 264 1160 294 minus,
1176 265 1357 289 Linnaeanam
1377 273 1427 289 ποη
1439 263 1595 289 mutandam
1606 272 1658 289 esse
1667 265 1854 296 judicavimus.

159 303 225 324 Olus.
248 303 268 323 2.
299 307 407 324 NOMINA
428 307 569 323 'PRIVIALIA
597 304 710 322 exorta
734 303 808 321 sunt
833 308 845 321 a
866 301 911 327 Sp.
929 301 944 322 Ι.
979 302 1027 328 (cs.
1056 303 1142 328 Aplmr.
1166 309 1186 323 ιι.
1206 303 1235 323 II.
1273 303 1329 328 Cup.
1348 303 1415 327 ΙΙΙ.)
1442 301 1521 327 Neque
1544 308 1573 321 ex
1595 303 1666 327 priore
1689 303 1761 328 aliquo
1782 309 1855 329 opere,

87 338 175 359 etiamsi
195 339 285 358 verba
306 337 379 357 emlrni
395 338 438 357 sint
451 352 455 360 ,
475 337 622 357 derivavimus
644 343 669 357 ea
690 337 797 363 unquam!
826 337 944 362 Perperam
963 336 1105 361 serissenius;
1125 339 1203 357 etenim
1217 339 1332 357 arbitraria
1351 340 1401 357 tunt·
1418 338 1476 359 sunt,
1499 342 1549 356 nec
1572 338 1689 357 nomina
1709 338 1855 358 consulto

87 373 255 399 imposita!
293 372 340 392 Nec
357 373 472 398 quisquam
489 373 604 398 scripsi-rit
618 373 750 398 „I’luntayo
764 372 837 397 major
862 371 989 392 Camers*
1026 372 1119 395 „liubin
1139 373 1256 392 (infun-mn
1281 373 1388 393 Bitilli.>v
1425 372 1495 392 Multo
1511 377 1563 391 vere
1583 372 1645 398 pejor
1657 375 1691 392 est
1713 378 1788 391 eorum
1802 378 1857 391 eon-

88 408 198 431 suetudo,
218 408 255 434 qm'
273 408 362 427 ηυιιιὶηιι
386 407 487 427 trivialia
503 407 632 427 Limineana
653 407 736 426 retro
755 405 871 429 adhibent,
896 406 970 431 (licent
990 407 1047 426 enim
1068 408 1098 427 ita
1113 407 1208 432 dicere),
1229 408 1257 427 ad
1275 413 1342 433 opera
1358 408 1427 427 ante
1446 413 1516 426 noui.
1539 407 1686 426 trivialia
1705 406 1857 430 (1735-52.)

88 443 184 468 scripta!
222 442 252 462 Et
271 442 451 467 quenuulmmluni
469 442 600 467 scriptorum
611 457 616 465 ‚
638 441 728 467 Species
741 441 872 467 planem-mn
903 441 1040 461 ll'illdeu
1050 443 1116 462 vicii
1130 458 1135 465 ,
1162 448 1205 462 non
1228 443 1334 468 inspectis
1357 442 1420 462 liin-Is
1442 442 1515 461 Linn
1525 447 1575 461 aea
1585 448 1598 460 11
1609 442 1647 465 is,
1676 441 1858 464 exseribentium,

91 478 168 497 levitas
185 478 270 503 peperit
286 477 391 500 „Festum
410 476 525 496 arabicum
549 477 575 497 ΙΙ.
604 476 711 502 ί’[ἱ1”[“.”
737 476 865 502 „Cypermn
877 476 994 496 rotundum
1014 477 1055 497 Fl.
1079 477 1170 503 Zeyll'
1192 479 1232 497 etc.
1251 488 1283 491 —
1304 478 1341 499 ita,
1361 477 1402 496 nisi
1421 478 1511 495 strenue
1524 477 1645 501 iterumque
1660 477 1745 499 moniti,
1761 477 1859 501 scripto-

91 517 127 532 res
145 512 255 533 britanici,
280 517 331 531 mox
353 517 392 537 per
418 511 551 536 singularem
572 511 696 531 methodum
716 512 815 530 autorum
828 510 969 530 Suc-cicorum
988 511 1071 535 (lfries,
1096 511 1224 536 W'ahlenb.)
1243 512 1390 534 seducentur,
1418 513 1441 531 ut
1462 511 1572 530 scribant·
1596 512 1666 531 Curet
1690 511 1792 536 leporina
1813 510 1855 531 Fl.

94 547 206 572 L111111.''
243 546 433 572 „Oruillwyulnm
452 546 561 565 minimum
583 546 623 566 FI.
651 546 676 566 S.
695 546 731 566 1.”
753 547 773 565 1¹!
798 546 831 565 sit·
850 551 922 571 porro
935 561 939 568 ,
966 545 1016 566 licet
1030 547 1057 565 ibi
1079 552 1186 571 nusquam
1210 549 1324 566 ‹wcurrant
1346 546 1455 572 ejusmodi
1480 546 1567 565 nomina
1586 546 1691 570 trivialia,
1716 545 1756 565 sed
1778 545 1859 570 ubique

93 581 252 608 specifica
273 583 370 605 tantum,
390 581 404 600 i.
422 587 442 600 e.
463 581 590 605 diagnoses.
629 580 692 600 Unde
707 580 826 600 mirabilem
843 585 972 605 auguramur
988 581 1009 600 in
1029 587 1051 600 re
1069 581 1171 601 butanica
1191 582 1342 601 coiisusionem
1362 581 1489 601 evasuram!

200 633 227 674 ξ.
256 635 306 664 21.
343 633 582 665 DIAGNOSES
607 645 791 664 SPECOERUM
809 632 922 663 deinde
946 640 1111 675 sequentes
1134 636 1279 664 omnihus
1304 635 1336 664 in
1364 635 1450 664 libris
1480 640 1619 664 accurate
1644 633 1746 664 denuo
1772 644 1860 664 com-

93 686 293 729 paravimus,
329 696 526 726 nusquam
559 686 605 725 (ut
628 687 766 727 semper)
793 686 870 715 fisi
901 686 1177 716 citationibus
1212 687 1473 717 Linnaeanis.
1527 686 1704 727 Sequuntur
1728 686 1796 715 illas
1815 687 1859 716 ci-

94 743 164 768 tata
190 748 298 779 opera,
327 737 358 767 in
383 738 494 778 quibus
517 737 646 768 eaedem
673 738 724 769 vel
749 747 859 780 parum
885 737 1096 780 discrepantes
1125 739 1340 777 inveniuntur,
1374 740 1501 768 cussit-is
1524 738 1577 767 ubi
1604 749 1695 776 ηοξ,
1731 739 1860 768 rectis

94 791 259 821 litteris
287 790 339 819 ubi
362 789 475 823 Linn,
499 791 615 820 citavit.

166 836 235 861 Obs.
265 838 288 863 1.
330 836 360 861 Iu
382 835 535 861 citandis
556 836 791 869 diagnosibus
810 834 908 861 scilicet
926 836 955 861 L.
972 835 1045 862 initio
1065 835 1167 870 quidem
1187 838 1322 862 accuratus
1342 838 1412 867 erat,
1431 835 1512 860 donec
1530 843 1574 860 eas
1598 835 1670 860 loco
1697 834 1861 859 nominum

96 878 345 913 specificorum
372 880 496 905 valere
519 879 702 905 contenderet:
731 883 827 904 tantum
852 879 975 905 terminos
993 889 1079 905 earum
1098 880 1224 905 interdum
1244 880 1322 905 tacite
1347 878 1463 904 mutavit.
1512 878 1565 903 Sed
1586 877 1646 903 inde
1672 886 1687 903 a
1712 878 1755 911 sp.
1780 878 1815 911 pl.
1837 878 1856 902 l.

97 921 189 953 editis,
211 925 264 946 tuin
291 923 324 947 ob
359 924 464 949 uomina
482 925 542 949 triv.
576 922 737 954 introducta,
758 926 810 947 tum
829 923 897 956 quod
918 923 994 948 rebus
1013 924 1094 957 magis
1109 931 1185 957 quam
1207 923 1292 948 verbis
1310 922 1442 953 studeret,
1461 922 1537 947 valde
1555 921 1620 946 Ievis
1639 930 1695 946 esse
1714 921 1739 946 in
1766 921 1804 946 his
1824 920 1862 945 iu-

97 965 183 1000 cepit;
202 974 281 999 saepe
300 969 379 991 totam
397 966 531 1000 diagnosin
551 967 667 1000 mutavit,
687 966 825 1000 adscriptis
843 969 926 991 tamen
945 966 1074 1000 prioribus
1093 967 1269 992 citationibus:
1289 975 1367 999 saepe
1386 965 1462 991 etiam
1480 966 1586 999 ipsam
1605 964 1709 997 illam,
1729 965 1769 990 Fl.
1786 966 1814 989 S.
1823 965 1856 989 11.

97 1018 123 1035 v.
137 1018 173 1041 c.,
193 1008 345 1042 editionem,
366 1010 392 1035 in
410 1019 459 1044 qua
479 1010 560 1045 primo
580 1019 646 1036 nova
669 1010 794 1044 quaedam
815 1009 945 1042 diagnosis
966 1010 1111 1035 introducta
1130 1014 1184 1043 est,
1211 1009 1243 1034 ad
1262 1013 1412 1034 veterem
1432 1008 1572 1042 phrasin
1594 1009 1702 1038 citavit,
1727 1007 1865 1033 brevitatis

98 1060 186 1084 causa,
205 1053 273 1086 quod
292 1052 327 1077 ibi
342 1053 394 1085 jain
413 1054 536 1088 seriptum
548 1054 675 1079 inveniret
694 1054 754 1087 „FL
776 1055 802 1078 S.
820 1053 857 1079 1.”
876 1053 981 1079 citatum
1001 1053 1026 1078 in
1045 1054 1184 1088 exemplari
1203 1053 1271 1086 quod
1290 1052 1377 1077 recudi
1397 1051 1497 1077 curavit
1516 1052 1612 1085 primae
1627 1052 1755 1077 editionis.
1789 1051 1865 1082 Quae

98 1095 201 1130 quidem
224 1104 238 1120 a
257 1095 329 1121 nobis
348 1096 380 1121 ad
400 1096 469 1131 ipsos
489 1097 568 1122 libros
588 1096 735 1122 cautissime
760 1100 786 1122 ct
805 1096 958 1130 probissime
977 1100 1096 1123 correcta
1120 1100 1187 1121 sunt.
1230 1095 1377 1120 Addidimus
1403 1098 1538 1129 praeterea
1561 1095 1709 1120 citationem
1735 1095 1865 1120 variorum

97 1140 254 1172 Systematis
270 1143 297 1164 et
317 1140 465 1172 Specicrum
488 1141 528 1166 Pl.
548 1140 704 1172 editionum,
729 1140 880 1166 accuratiss.
902 1140 1060 1166 collatarum.
1102 1140 1139 1165 Et
1157 1139 1179 1165 si
1196 1143 1247 1164 tam
1266 1138 1464 1171 diagnosis,
1483 1146 1559 1172 quain
1585 1146 1745 1164 numerus
1768 1137 1865 1172 speciei

99 1181 310 1207 conveniret
330 1182 357 1207 in
374 1184 491 1209 omnibus
510 1184 586 1215 edit„
606 1184 667 1209 inde
680 1193 697 1209 α
714 1185 758 1218 Sp.
769 1185 787 1209 I.
810 1193 889 1217 usque
906 1185 942 1209 ad
954 1185 981 1209 S.
998 1184 1086 1214 XIIL,
1105 1186 1165 1208 tunc
1185 1182 1322 1208 brevitatis
1336 1191 1413 1207 causa
1433 1182 1598 1216 scripsimus:
1619 1183 1684 1216 „Sp.
1700 1183 1751 1206 Ι-
1765 1182 1792 1207 S.
1802 1181 1858 1205 XII.

99 1233 126 1251 π.
145 1226 185 1251 10.
193 1224 253 1243 ''—
272 1226 359 1259 Saepe
379 1226 456 1251 etiam
476 1235 539 1261 opus
562 1235 639 1252 unum
657 1227 798 1252 alterumve
818 1237 849 1252 ex
870 1227 910 1260 iis,
929 1236 995 1261 quae
1012 1227 1090 1260 vulgo
1110 1227 1171 1251 citat
1189 1226 1233 1257 L.‚
1251 1225 1404 1251 omissum
1424 1230 1464 1251 est
1490 1227 1593 1259 (casu
1612 1227 1817 1259 plerumque
1841 1226 1867 1249 et

97 1269 197 1302 fugaci
215 1269 326 1300 calamo,
342 1278 491 1302 perraro
511 1279 571 1296 vero
591 1271 712 1303 consilio)
733 1278 778 1296 suo
798 1271 854 1296 loco
874 1276 933 1305 post
951 1271 1095 1304 diagnosin.
1137 1269 1176 1295 Ibi
1189 1269 1229 1295 vel
1248 1269 1274 1294 in
1287 1273 1362 1294 textu
1380 1269 1406 1294 id
1425 1270 1534 1295 cursivis
1550 1270 1648 1296 litteris
1664 1269 1703 1294 usi
1721 1269 1866 1299 citavimus,

102 1312 144 1337 vel
163 1315 262 1337 tantum
280 1311 305 1337 in
324 1314 421 1338 notulis
439 1314 548 1339 subditis
566 1313 747 1340 recensuimus-

172 1355 242 1380 obs.
269 1357 292 1382 Ξ.
336 1356 491 1390 Paginas
509 1366 615 1390 opernm
632 1358 666 1382 ml
680 1362 790 1391 systema
804 1358 995 1391 pertinentium
1011 1364 1062 1381 non
1077 1355 1200 1389 citamus,
1220 1357 1268 1382 nisi
1288 1357 1350 1382 ordo
1369 1358 1502 1383 turbatus:
1529 1356 1554 1382 in
1573 1356 1623 1381 fine
1642 1355 1700 1381 libri
1722 1353 1868 1388 adjuncturi

102 1398 233 1424 clavem
252 1400 451 1433 paginarum
470 1401 505 1426 ad
520 1409 605 1426 omnes
620 1401 668 1426 has
687 1401 811 1427 editiones
832 1401 984 1434 originales.

174 1443 244 1468 obs.
269 1444 292 1469 3.
335 1443 363 1469 S.
380 1443 453 1469 Xlll.
477 1443 521 1468 ubi
540 1453 589 1469 non
610 1444 729 1476 citatum,
749 1445 824 1478 plane
842 1452 897 1469 cum
916 1444 942 1468 S.
960 1443 1020 1469 XII.
1044 1442 1172 1469 convenit.
1198 1443 1246 1476 (cf.
1269 1444 1332 1477 Cap.
1350 1445 1385 1469 ΙΙ.
1401 1453 1425 1469 ⁷1.
1443 1444 1506 1477 18.)

208 1491 235 1532 ᾗ.
256 1494 306 1522 22.
329 1492 503 1523 TEXTUS
531 1492 759 1531 diagnoses
787 1503 944 1533 sequen
955 1503 978 1529 s,
1006 1493 1188 1534 plerumque
1211 1503 1228 1522 e
1248 1492 1335 1534 Sp.I.
1359 1498 1387 1522 et
1408 1492 1445 1523 ll.
1467 1492 1670 1534 depromptus
1686 1496 1748 1521 est:
1771 1491 1867 1520 inler-

104 1542 178 1573 dum
202 1544 297 1574 eliani
316 1555 356 1574 ex
381 1544 562 1582 mantissis,
591 1556 608 1574 e
627 1544 659 1577 S,
680 1544 755 1574 XII.
787 1544 1010 1574 additamentis
1036 1544 1135 1581 binis,
1164 1545 1213 1574 vel
1239 1555 1255 1574 e
1283 1550 1369 1574 textu
1393 1544 1425 1574 S.
1444 1542 1518 1575 ΧΠ.
1535 1542 1632 1580 XIII.‚
1657 1545 1685 1573 εἰ
1708 1554 1767 1583 qua
1788 1553 1868 1572 nova

104 1597 223 1636 species
247 1598 308 1626 illic
325 1597 432 1636 ficse‘ets
450 1598 634 1637 proposita,
658 1598 708 1627 vel
725 1608 764 1630 ex
782 1597 849 1626 Ain.
877 1595 963 1625 acad.
985 1602 1041 1626 ete.
1059 1614 1096 1618 ——
1149 1595 1192 1625 In
1214 1596 1243 1625 si
1252 1607 1297 1625 ne
1316 1597 1433 1634 hujus
1461 1602 1597 1626 textus
1620 1595 1720 1624 lineae
1742 1595 1869 1624 ultimae

105 1646 249 1677 dextram
271 1653 391 1690 partein
413 1654 562 1690 occupant
583 1649 792 1689 parentlzeses
814 1650 834 1678 2
861 1653 984 1687 rectae,
1014 1658 1108 1690 opera
1134 1647 1215 1677 unde
1238 1653 1320 1678 totus
1346 1648 1397 1678 ille
1422 1654 1564 1690 sumptus
1584 1652 1631 1677 est
1655 1647 1746 1676 citata
1770 1646 1869 1676 inclu-

106 1698 232 1736 dentes,
251 1710 281 1730 ν.
305 1711 330 1731 c.
359 1700 450 1741 „[Sp.
468 1701 493 1730 I.
505 1701 581 1738 [I.]'’

176 1746 247 1772 obs.
264 1747 286 1773 1.
323 1746 423 1771 Textus
444 1746 501 1779 hic,
520 1755 678 1780 synonyma,
698 1746 779 1771 locum
799 1747 917 1771 natalem
934 1750 1014 1779 atque
1036 1746 1228 1771 observationes
1247 1745 1415 1771 Linuaecmas
1432 1743 1579 1775 includens,
1606 1742 1734 1768 interdum
1753 1742 1829 1768 etiam
1847 1741 1873 1767 in

106 1789 227 1823 operibus
249 1789 418 1822 specialibus,
447 1798 470 1815 v.
489 1798 512 1816 c.
548 1791 603 1815 Am.
623 1798 677 1821 ac.,
696 1789 782 1814 Floris
804 1793 854 1815 etc.
879 1789 953 1823 plane
972 1788 1107 1821 convenit,
1133 1788 1169 1814 ita
1191 1792 1219 1813 ut
1238 1797 1284 1814 eae
1303 1796 1405 1822 quoque
1421 1788 1447 1813 in
1466 1786 1611 1822 parenthesi
1630 1786 1673 1811 illa
1698 1789 1772 1811 recta
1796 1785 1872 1810 citari

107 1833 256 1867 potuerint,
276 1842 372 1858 summa
390 1833 449 1858 iude
463 1832 593 1858 brevitate
612 1836 680 1858 orta.

179 1876 247 1902 obs.
273 1877 296 1902 2.
334 1876 523 1901 Divisimus
551 1876 617 1900 hunc
644 1879 743 1901 textum
770 1875 916 1905 interdum,
942 1884 1022 1909 neque
1045 1875 1145 1900 ratione
1169 1878 1365 1901 commemorata
1391 1874 1612 1905 commiscuimus,
1639 1871 1682 1897 sed
1710 1875 1832 1904 tanquam
1855 1872 1873 1897 2

109 1919 228 1944 diversae
246 1918 346 1953 species
371 1924 473 1950 essent,
499 1920 604 1945 seorsim
623 1920 750 1951 (alterum
767 1924 826 1952 post
853 1920 978 1951 alterum)
1004 1918 1179 1948 tradidimus,
1206 1919 1248 1950 (ut
1273 1917 1298 1941 in
1322 1916 1416 1941 Panico
1441 1915 1638 1949 alopecuroide,
1659 1915 1729 1939 Sedo
1754 1915 1872 1946 rubente,

108 1963 241 1988 Phlomide
259 1962 369 1995 italica).
412 1962 440 1987 ld
455 1962 567 1993 factum,
586 1961 629 1986 ubi
654 1962 820 1994 verebamur,
839 1970 871 1986 ne
889 1962 906 1987 2
925 1960 1046 1986 diversae
1062 1961 1167 1994 plantae
1185 1959 1330 1984 intellectae
1348 1957 1454 1989 fuerint,
1473 1958 1516 1982 vel
1534 1958 1577 1983 ubi
1596 1957 1659 1983 adeo
1677 1957 1810 1991 multiplex
1830 1957 1875 1983 ille

109 2006 177 2037 suit,
198 2009 225 2030 ut
244 2004 415 2038 disjunctione
434 2005 513 2038 magis
532 2004 682 2038 perspicuus
700 2004 784 2030 fieret.

215 2053 242 2093 ᾗ.
264 2056 316 2085 23.
352 2052 586 2083 SYNONYMA
610 2053 669 2081 hoc
688 2059 774 2083 textu
791 2053 892 2083 solum
909 2062 945 2081 ea
966 2051 1156 2093 recepimus,
1185 2061 1263 2091 quae
1286 2050 1318 2080 in
1341 2050 1487 2091 operibus
1511 2048 1550 2078 ad
1571 2050 1720 2089 Sys-lema
1740 2054 1874 2080 naturae

112 2106 275 2148 speciatim
300 2105 524 2147 pertinentibus
554 2104 595 2144 (ξ.
612 2106 640 2134 5.
663 2107 703 2143 1.)
724 2106 874 2143 leguntur.
915 2103 950 2134 Si
972 2102 1055 2144 quod
1077 2114 1145 2142 syn.
1165 2101 1306 2132 additum
1330 2102 1380 2132 vel
1405 2101 1559 2131 omissum
1577 2102 1608 2130 in
1631 2102 1734 2142 aliquo
1758 2112 1797 2131 ex
1813 2102 1873 2140 his,

114 2160 276 2190 litteris
299 2157 643 2197 discrepantibus
670 2162 810 2185 notatum
834 2161 896 2189 est,
919 2155 1032 2185 addita
1055 2155 1240 2195 parenthesi
1260 2165 1329 2184 cum
1350 2154 1422 2183 libre·
1438 2155 1587 2184 citatione
1613 2152 1664 2190 (ef.
1695 2152 1813 2193 §.12.).

186 2198 254 2229 obs.
284 2205 306 2229 1.
349 2202 392 2236 Sy
404 2211 487 2235 nony
499 2211 544 2227 ma
563 2210 683 2229 vocamus
702 2202 727 2227 in
748 2201 839 2227 notulis
858 2201 952 2226 nostris
970 2201 1108 2235 praecipue
1127 2201 1246 2226 aliena
1263 2200 1315 2232 illa,
1331 2209 1376 2224 nec
1390 2200 1545 2225 Limzaeana
1561 2199 1668 2233 (quippe
1685 2208 1752 2233 quae
1768 2199 1797 2224 1..
1820 2199 1877 2233 ipse

114 2246 207 2281 quavis
225 2246 361 2271 occasione
380 2249 498 2280 repetere
516 2246 640 2277 solebat).
692 2244 793 2275 Quodsi
814 2253 874 2277 ergo
894 2244 1028 2269 scribimus
1057 2245 1116 2275 ‚‚Ft.
1140 2245 1224 2277 laapp.
1249 2253 1304 2277 syn.
1324 2243 1441 2274 eademst,
1468 2243 1628 2268 manifestum
1648 2246 1707 2274 est,
1733 2247 1876 2268 sermonem

116 2299 166 2315 non
183 2299 240 2315 esse
260 2290 292 2314 de
312 2289 361 2314 illis
379 2289 499 2322 operibus
520 2289 673 2314 Linnaeanis
692 2289 733 2313 vel
752 2287 1012 2321 Pseudolinnaeanis‚
1031 2296 1097 2321 quae
1115 2287 1195 2313 textui
1214 2287 1313 2319 insunt,
1333 2291 1390 2321 post
1406 2287 1509 2312 Floram
1527 2286 1610 2320 Lapp.
1634 2286 1813 2320 promulgatis,
1832 2286 1877 2311 sed

115 2333 147 2359 de
167 2332 317 2367 synonymis
335 2332 457 2364 aliorum,
476 2336 591 2357 veterum
610 2340 658 2363 sc.,
679 2331 863 2356 botanicoruni.

188 2377 257 2401 obs.
282 2377 306 2402 Ξ.
337 2378 486 2409 Synonyma
505 2375 724 2407 Rumphiuna
744 2374 870 2400 Linnaeus
890 2379 947 2409 post
965 2375 1011 2409 Sp.
1025 2374 1045 2400 1.
1070 2375 1150 2408 primo
1169 2373 1269 2400 addidit
1286 2374 1312 2399 in
1331 2382 1411 2408 opere
1430 2373 1456 2398 S.
1473 2372 1518 2406 X.,
1537 2372 1665 2406 indeque,
1691 2371 1739 2397 nisi
1758 2370 1876 2397 emenda-

119 2419 200 2451 verit,
221 2427 284 2452 pura
302 2419 327 2444 in
341 2420 386 2453 Sp.
400 2419 447 2449 ΙΙ.,
465 2418 573 2452 recepit.
598 2418 625 2442 Id
641 2418 709 2451 quod
728 2418 808 2442 verbo
827 2420 887 2451 ‚,(S.
905 2418 933 2443 X.
959 2418 1035 2452 sq.)'⁷
1054 2418 1224 2452 expressimus
1239 2418 1271 2450 ¹).

191 2463 258 2487 obs.
277 2463 302 2488 3.
327 2463 478 2495 Syuonyma
496 2461 623 2486 Florae
641 2462 794 2486 Danicae
812 2461 886 2493 (0011.
905 2462 986 2493 dan.)
1007 2470 1088 2495 pauca
1105 2461 1129 2486 in
1149 2461 1246 2487 S.Xl1.
1272 2460 1312 2493 (in
1322 2460 1368 2494 Sp.
1383 2460 1417 2486 11.
1441 2458 1608 2494 paucissima)
1623 2457 1722 2483 addidit
1735 2456 1869 2481 Linnaeus.

119 2507 197 2532 Plura
214 2506 239 2532 in
261 2506 289 2532 S.
305 2506 377 2531 XIII.
402 2506 525 2539 Murray,
547 2510 574 2530 ut
590 2505 707 2538 videtur,
726 2504 831 2538 adjecit.
848 2519 882 2523 --
901 2504 1017 2530 Tabulas
1033 2505 1094 2530 Jac
1105 2505 1204 2538 quini
1225 2505 1343 2538 (amer),
1360 2504 1386 2529 in
1402 2504 1446 2537 Sp.
1462 2503 1496 2528 11.
1513 2510 1560 2536 per
1572 2509 1630 2535 pag.
1650 2500 1737 2533 citati,
1756 2498 1878 2534 plurimas

118 2549 147 2574 1..
168 2549 192 2574 iu
208 2550 234 2574 S.
251 2548 310 2574 XII.
333 2549 436 2581 adjecit.

196 2640 212 2663 Ι)
251 2640 352 2665 Rumphii
370 2646 425 2666 opus
444 2641 565 2665 pretiosum
576 2641 685 2660 [domn-us
704 2646 761 2659 annu
778 2640 835 2660 1753.
855 2647 867 2660 a
882 2641 961 2660 vomite
974 2646 986 2659 a
1005 2639 1083 2659 Tessin
1098 2640 1155 2659 inter
1172 2639 1214 2659 alia
1231 2638 1328 2664 pretiosa
1344 2637 1401 2657 <lona
1416 2638 1516 2663 accepit,
1535 2637 1558 2656 ut
1574 2636 1621 2662 ipse
1638 2635 1731 2655 testatur
1746 2634 1767 2653 in
1790 2633 1872 2659 Eycuh.

124 2674 227 2694 Aula-11¹¹.
246 2676 308 2695 (vrrs.
330 2681 397 2700 ¹qerm.
419 2682 442 2701 p,
455 2676 511 2698 liti).
543 2676 614 2697 Ilint·v
629 2675 672 2695 sere
695 2675 755 2694 tinito
778 2681 844 2701 opere
859 2675 925 2701 spect.
943 2676 972 2700 pl.
996 2675 1030 2694 ι·ιΙ.
1042 2675 1070 2697 L,
1090 2676 1172 2694 tantuin
1188 2674 1209 2693 in
1225 2673 1306 2692 ultimis
1323 2672 1386 2698 hujus
1406 2672 1452 2691 libri
1472 2671 1557 2697 paginis
1574 2670 1657 2690 tabulas
1675 2668 1823 2693 Rumphianas
1843 2669 1877 2687 ci-

125 2711 171 2727 tun*
188 2709 272 2734 putuit.
293 2710 420 2734 nudi-timi..-
444 2711 465 2729 in
489 2710 548 2729 ralcu·
567 2710 613 2729 libri
633 2710 701 2733 (Tum.
719 2710 744 2730 II.
769 2710 870 2735 Appenil,
893 2716 942 2736 pag.
959 2710 1028 2732 1199.)
1047 2708 1174 2734 sequentia,
1197 2712 1263 2733 quiue,
1283 2713 1345 2732 quum
1365 2706 1473 2725 meliorem
1499 2706 1571 2725 lucum
1595 2705 1618 2724 iu
1633 2705 1681 2723 tola
1696 2704 1773 2722 nostra
1785 2702 1879 2722 editione

125 2743 221 2762 ini-mim·
242 2749 379 2767 rwqurnnms,
401 2745 438 2763 lu'r-
451 2745 575 2763 inserlmm:
612 2745 690 2770 „Opus
703 2745 805 2764 eximium
820 2745 877 2764 beati
897 2744 991 2770 anpsii
1011 2749 1062 2763 cura
1075 2743 1172 2768 ampliss
1206 2742 1235 2761 1).
1254 2741 1368 2760 Burmanni
1387 2741 1433 2760 oriri
1446 2740 1547 2759 immun-n
1560 2739 1674 2759 redditum,
1693 2737 1719 2756 ad
1736 2742 1769 2756 ine
1784 2738 1879 2756 accessit

127 2778 238 2802 „prinnini
252 2777 352 2797 absoluto
369 2785 382 2797 a
397 2778 534 2804 typographo
551 2784 632 2804 opere,
651 2779 713 2805 cnjus
729 2780 802 2804 itaque
817 2785 942 2805 synonyma
955 2779 1005 2799 alibi
1021 2778 1113 2797 seorsim
1130 2776 1216 2796 tradere
1232 2776 1315 2795 animus
1332 2776 1392 2794 ‹·st.''
1408 2786 1433 2789 —
1458 2774 1514 2794 Huic
1530 2773 1623 2793 consilio
1640 2772 1799 2797 obtemperavit
1819 2772 1879 2791 edita

125 2810 197 2831 ‘HM'-
221 2811 246 2830 ‘lt'
269 2811 362 2832 l¹vrltu
374 2819 392 2832 r·
412 2813 544 2832 Amlanin.
570 2813 623 2838 Ups.
641 2813 688 2832 ΠΜ
707 2814 766 2835 (Am.
787 2814 845 2833 acm!
868 2816 919 2833 trun.
931 2813 949 2833 4.
975 2819 993 2832 n.
1006 2812 1050 2834 515).
1071 2817 1109 2837 per
1124 2817 1148 2829 sn
1162 2810 1207 2836 jam
1226 2810 1280 2829 satis
1293 2809 1439 2832 nnemnrahili,
1459 2810 1509 2828 eta
1532 2808 1595 2828 nobis
1616 2812 1703 2834 quoque
1723 2806 1814 2828 conatu:
1838 2805 1879 2826 sed

126 2847 216 2873 insuper
235 2851 310 2866 onmes
325 2847 407 2867 minuas
426 2849 490 2873 aptas
513 2847 588 2867 citavit
603 2848 623 2866 in
639 2848 699 2872 bjst.
722 2849 766 2868 nat.
788 2849 822 2868 ed.
834 2848 874 2869 X..
894 2847 952 2873 quod
971 2852 1093 2873 proximum
1111 2847 1157 2865 erat
1172 2850 1228 2871 opus
1244 2844 1385 2871 majusculum
1402 2843 1494 2864 editum.
