1970 3009
141 57 210 86 wll
859 61 1020 94 Mummi
1048 70 1195 93 aul-rous.

210 141 240 174 2)
259 149 291 166 ne
312 141 461 176 spatium
485 141 620 169 nimium
638 144 715 170 rebus
731 147 927 179 supervacaneis
939 146 979 181 ¹),
1004 147 1154 182 synonymis
1174 146 1373 174 obsoletioribus
1392 148 1526 182 (qualibus
1547 158 1570 175 υ.
1593 157 1614 177 c.
1636 149 1754 177 abundat
1768 152 1802 177 Η.
1823 151 1894 186 Οιιζῇ.

141 187 166 209 et
186 183 227 209 Fz.
249 184 356 218 Lapp.)
377 184 420 209 vel
436 184 510 210 nimis
526 185 609 219 longis
626 186 840 222 descriptionibus
859 189 1018 223 perderetur.
1060 190 1102 216 Ea
1114 198 1216 224 quoque
1232 191 1258 217 in
1272 200 1302 217 re
1316 191 1455 217 cautissimi
1472 192 1564 218 fuimus
1578 195 1606 218 et
1624 193 1731 220 maxime
1748 195 1838 228 probi3

209 235 241 268 3)
260 244 292 261 ne
309 243 419 269 unquam
438 235 663 271 oblivisceremur,
687 239 838 273 principium
855 240 930 274 huius
949 241 1066 267 editionis
1084 250 1157 273 osse,
1182 245 1216 268 ut
1234 242 1290 268 via
1314 246 1499 268 sternatur
1516 243 1700 277 aliquando
1719 252 1802 270 cura
1812 245 1894 272 udae

141 277 282 311 Operum
300 278 322 303 L
331 279 337 303 i
347 287 363 303 n
372 287 410 303 na
420 287 457 303 ea
467 287 482 303 n
492 287 506 303 ο
516 288 552 304 ru
562 288 585 305 m
604 280 750 306 editioni
767 282 990 316 adsfficfissimae,
1008 288 1108 311 textum
1126 285 1252 311 nullibi
1277 285 1327 312 bis
1345 293 1406 312 eun
1415 286 1482 312 dem
1507 288 1639 312 referente
1662 292 1740 320 atque
1757 286 1894 314 innumeris

140 320 336 354 repetitionibus
354 321 508 347 Linnaeanis
530 322 630 355 penitus
650 329 766 350 vacante.

243 368 270 410 ξ.
300 369 350 401 15.
404 370 528 401 ORDO
555 378 696 402 servatus
722 373 755 402 in
778 373 901 404 edendo
924 375 1017 416 plane
1044 381 1093 406 est
1123 376 1192 414 ille,
1219 376 1272 418 qui
1301 377 1360 408 fuit
1387 378 1420 408 in
1442 377 1587 419 operibus
1610 377 1816 415 Linnaeanis,
1844 379 1894 408 vel

140 420 252 450 suisset
282 427 381 461 certe,
411 422 438 452 si
470 422 619 462 Systema
650 424 873 465 Vegetaht'lium
899 421 1070 468 perfectum
1103 426 1147 457 ita
1179 433 1213 457 ut
1240 428 1391 468 Systema
1420 430 1610 460 Animalium
1636 429 1894 469 Mineraliumque

140 472 261 502 simul
291 471 410 502 editum
439 479 538 511 esset,
566 485 665 515 neque
691 486 766 506 vero
797 482 957 518 tamquam
987 477 1276 520 compendium
1307 491 1341 510 ac
1378 481 1708 522 supplementum
1736 481 1893 510 Generum

138 529 169 553 et
185 523 367 564 Speciemm
391 526 574 565 plantarum
598 527 686 556 vario
713 533 851 570 tempore
880 535 971 559 antea
1003 529 1158 560 editorum
1183 532 1387 573 apparuisset.
1439 530 1583 561 Breviter
1610 530 1779 561 secundum
1812 532 1893 561 hunc

138 573 282 605 ordinem
303 574 351 615 ἐξ.
384 577 583 617 sequentibus
609 579 784 619 (16—26.)
806 581 1036 612 recensebimus
1062 581 1193 620 singula.

242 642 269 683 ᾗ.
293 644 341 673 16.
371 644 686 676 ΡΡιΑΕΕΑΤΙΟΧΕὸ
708 647 810 688 primo
834 649 946 690 accipis
963 649 1215 680 Linnaeanorum
1237 659 1368 692 operum
1384 648 1445 678 hoc
1471 649 1632 679 volumine
1657 654 1891 688 contractorum,

136 693 283 733 Systema
304 695 537 734 Vegetabilium
565 708 597 726 re
621 708 695 727 vera
726 699 925 729 efficientium
951 700 994 741 (ξ.
1011 701 1041 732 5.
1066 703 1093 731 1.
1121 707 1151 731 et
1183 701 1258 743 cap.
1285 700 1325 731 II.
1348 702 1497 740 1-18.).
1557 700 1793 742 Discrepantia,
1827 702 1891 731 nisi

135 746 313 784 levissima,
345 746 451 777 addita
471 754 552 778 sunt.
598 748 737 779 seorsim
759 750 939 781 excudenda
963 758 1027 782 erat
1046 751 1236 783 Introductio
1259 751 1343 792 Syst.
1360 751 1487 783 1-VL
1507 762 1524 781 a
1550 751 1582 782 S.
1599 749 1775 782 X-XIII.
1797 753 1891 794 plane

136 796 280 835 diversa,
310 804 341 827 et
359 800 510 840 praefatio
543 799 697 840 quaedam
722 806 842 832 lanium
864 803 897 833 in
920 803 952 834 S.
966 803 1010 834 X.
1034 804 1190 842 exhibita,
1221 814 1277 833 nec
1302 803 1411 833 serius.
1462 803 1601 834 Minores
1625 802 1778 844 quasdam
1800 814 1891 845 prae-

135 850 270 879 fationes
302 855 412 881 contra
441 852 580 882 ordInem
610 853 855 895 chronologicum
881 865 898 884 e
927 855 1099 885 rationibus
1130 855 1331 898 typotheticis
1360 853 1587 897 disposuimus,
1612 854 1696 896 quod
1718 855 1775 885 vix
1806 855 1891 885 vitu-

134 902 267 943 perabis.

206 947 274 972 obs.
312 947 445 974 Omissa
463 958 477 974 e
497 948 568 974 libris
590 948 664 973 dictis
684 950 723 981 (§.
745 949 768 976 5.
785 951 828 983 1.)
848 954 909 985 post
921 952 1098 986 praefationes
1121 952 1185 978 haec
1201 955 1276 978 sunt:

205 991 234 1023 1)
254 992 441 1016 Auctor-um
459 996 666 1024 conspectus
684 992 710 1017 in
729 993 764 1019 G.
774 993 792 1019 1.
808 993 856 1026 IL,
875 994 941 1020 etin
965 995 1009 1030 Sp.
1029 995 1049 1021 1.
1064 995 1097 1021 11.
1122 995 1236 1021 exhibiti.
1280 994 1391 1027 Qualem
1411 994 1511 1028 quidem
1529 994 1608 1020 multo
1624 993 1763 1020 auctiorem
1777 993 1802 1020 in
1818 1002 1890 1020 usum

133 1034 312 1060 botanicorum
329 1033 356 1058 in
375 1033 427 1059 fine
447 1034 505 1059 libri
523 1034 697 1068 adjungemus.

203 1078 232 1109 Ξ)
266 1077 477 1110 Conspectus
508 1078 678 1103 nominum
703 1079 949 1112 genericorum
975 1073 1006 1106 ad
1032 1080 1153 1113 Systema
1176 1081 1353 1107 Linnaeanum
1373 1080 1520 1115 dispositus.
1562 1080 1656 1106 Talem
1680 1089 1759 1114 saepe
1777 1081 1890 1115 promul-

133 1119 207 1154 gavit
223 1120 400 1151 Linuaeanus,
423 1120 455 1145 de
472 1120 626 1154 divulgando
645 1125 786 1154 systemate
805 1125 866 1148 tunc
883 1123 963 1148 minus
981 1123 1083 1156 cognito
1101 1124 1232 1149 sollicitus.
1267 1125 1378 1158 System.
1398 1128 1512 1149 naturae
1534 1122 1615 1156 ipsius
1636 1123 1688 1148 Ed.
1697 1123 1719 1148 1.
1743 1128 1770 1149 et
1788 1124 1824 1149 11.
1849 1123 1891 1149 ni-

133 1163 168 1188 bil
185 1162 251 1188 aliud
270 1163 386 1188 referunt
403 1163 453 1188 nisi
471 1163 592 1197 ejusmodi
610 1164 726 1190 indicem.
767 1165 840 1191 Inter
858 1172 992 1200 utramque
1009 1166 1061 1192 bis
1079 1167 1155 1192 talem
1167 1167 1348 1202 promulgavit,
1366 1168 1478 1193 alterum
1497 1165 1546 1198 (ob
1561 1165 1668 1190 Genera
1685 1175 1752 1191 nova
1769 1166 1796 1192 in
1813 1167 1847 1192 G.
1862 1166 1885 1192 I.

133 1210 160 1231 et
178 1205 319 1231 Corollaria
338 1215 396 1239 gen.
414 1207 510 1241 publici
528 1207 590 1238 iuris
607 1208 691 1241 facta)
711 1208 813 1234 nomine
837 1209 1042 1240 „Methodus
1067 1210 1262 1242 sesualiffl,
1285 1211 1397 1235 alterum
1420 1209 1449 1234 t'n
1463 1209 1530 1234 libro
1556 1208 1722 1239 „Classes
1745 1210 1891 1243 planta-

132 1249 228 1277 rum,”
246 1257 272 1282 p.
289 1249 348 1274 445.
370 1258 424 1283 sq.‚
446 1250 534 1284 paucis
552 1250 688 1283 generibus
706 1256 816 1276 auctum.
859 1251 960 1276 Deinde
973 1251 1066 1277 similes
1081 1253 1264 1279 convenienter
1281 1258 1370 1278 auctos
1383 1252 1480 1278 indices
1493 1252 1521 1277 in
1545 1252 1673 1277 Generum
1687 1253 1723 1286 pl.
1750 1253 1788 1277 ed.
1806 1253 1840 1278 ΙΙ.
1863 1256 1890 1278 et

136 1293 180 1323 11,
193 1292 294 1317 nornine
312 1292 419 1323 „Ordo
438 1293 634 1325 Generum”‚
655 1298 680 1320 et
696 1295 723 1319 in
735 1295 871 1327 Systemat.
897 1295 937 1319 ed.
948 1295 1004 1319 KH.
1030 1299 1091 1322 tom.
1104 1297 1127 1322 2.
1148 1305 1174 1329 p.
1188 1297 1308 1322 26-48.
1334 1296 1436 1322 etXlJL
1460 1304 1486 1329 p.
1501 1294 1640 1327 27—48.‚
1658 1294 1756 1320 nomine
1769 1295 1889 1327 „Clas-

132 1336 220 1361 s1‘um
241 1335 399 1369 genera⁷'
418 1335 496 1360 dedit.
539 1336 568 1361 In
586 1337 653 1362 Gen.
672 1337 705 1372 pL
732 1338 771 1363 ed.
784 1338 831 1363 VJ.
855 1337 980 1369 eundem,
1000 1338 1044 1363 sed
1068 1339 1104 1363 ad
1123 1339 1245 1373 singulas
1266 1340 1360 1365 classes
1375 1339 1560 1370 distributum,
1584 1338 1709 1364 exhibuit.
1744 1338 1802 1364 Nos
1823 1346 1888 1363 vero

132 1379 257 1413 ejusmodi
272 1379 418 1412 Conspectu
437 1387 486 1403 non
499 1387 563 1413 opus
583 1388 640 1405 esse
655 1380 839 1414 judicavimus,
859 1389 934 1414 quem
953 1381 978 1405 in
997 1385 1084 1406 nostra
1104 1381 1216 1407 editione
1234 1386 1388 1416 conspectus
1406 1390 1528 1415 generum
1546 1381 1578 1406 ad
1598 1381 1711 1414 singulas
1730 1381 1824 1405 classes
1843 1389 1889 1406 ex-

130 1421 205 1447 bibiti
229 1426 255 1446 et
276 1421 333 1455 ipsa
351 1425 472 1455 typorum
490 1421 675 1448 administratio
705 1432 824 1448 summam
843 1424 1049 1458 perspicuitatem
1074 1424 1189 1450 efficiens
1215 1425 1335 1459 supplere
1352 1424 1508 1450 viderentur.
1552 1424 1604 1449 Sed
1628 1424 1648 1449 si
1667 1424 1723 1457 quis
1749 1423 1887 1457 aliquando

130 1465 191 1490 edat
216 1465 329 1489 Linnaei
352 1465 453 1490 Classes
476 1465 645 1497 plantarum,
671 1466 766 1500 optime
791 1467 813 1492 is
837 1471 1001 1501 conspectum
1025 1467 1135 1493 omnium
1161 1468 1329 1493 mutationum
1355 1476 1371 1493 a
1393 1468 1422 1495 L.
1447 1467 1540 1494 sensim
1566 1467 1693 1493 saetarum
1711 1467 1844 1493 elaborare
1861 1470 1889 1492 et

129 1507 186 1534 loeo
206 1509 360 1541 Conspectus
377 1507 428 1532 illic
446 1507 515 1532 obxii
534 1507 593 1533 dare
612 1509 716 1542 poterit.

197 1551 229 1584 3)
268 1550 454 1583 Tabulam,
474 1550 570 1575 classes
589 1550 703 1583 singulas
723 1551 860 1585 (simulque
879 1552 981 1578 ordines
995 1562 1042 1587 per
1059 1553 1170 1588 pistilla)
1191 1554 1374 1586 illustrantem,
1398 1562 1459 1580 aere
1484 1554 1605 1586 incisam,
1627 1553 1674 1579 sed
1698 1553 1816 1588 profecto
1833 1561 1888 1578 ma-

128 1594 197 1620 xime
212 1593 316 1626 rudem,
344 1593 473 1618 Linnaeus
491 1592 562 1618 dedit
587 1593 613 1618 in
631 1594 699 1619 Gen.
722 1594 759 1619 Pl.
788 1594 827 1620 ed.
851 1594 885 1620 11.
903 1600 983 1630 atque
1003 1597 1030 1622 in
1051 1598 1080 1623 S.
1105 1597 1150 1623 v1.
1177 1598 1258 1631 (deq.
1274 1599 1307 1630 ts.
1332 1598 1428 1630 insra).
1470 1597 1534 1623 Jure
1557 1597 1623 1622 hanc
1641 1596 1809 1622 omittendam
1829 1604 1887 1622 esse

128 1637 290 1672 putavimus,
309 1645 340 1661 ne
357 1635 469 1661 dedecus
488 1640 557 1661 esset
575 1636 671 1668 codici,
690 1637 733 1662 ubi
750 1637 803 1663 fida
821 1643 848 1663 et
865 1638 998 1664 immutata
1014 1640 1173 1666 redderetur.

195 1681 225 1713 4)
252 1680 393 1705 Classes
416 1679 609 1704 naturales
632 1687 648 1703 a
666 1679 779 1705 Linnaeo
802 1681 828 1705 in
857 1681 908 1707 fine
928 1682 985 1707 libri
1005 1683 1068 1708 Gen.
1090 1684 1133 1709 Pl.
1154 1683 1193 1708 ed.
1224 1683 1265 1707 Vl.
1290 1682 1359 1713 (sine
1374 1684 1459 1716 pag.)
1478 1682 1625 1714 exhibitae,
1643 1681 1744 1707 maximi
1765 1680 1886 1707 momenti

127 1726 194 1748 sunt.
237 1721 340 1747 Sistunt
363 1721 442 1746 multo
468 1721 609 1755 perfectius
634 1722 756 1755 Systema
777 1724 909 1758 naturale,
935 1733 1010 1758 quam
1035 1725 1102 1759 quod
1121 1729 1198 1750 antea
1216 1726 1244 1750 in
1270 1725 1337 1750 libro
1358 1725 1500 1751 Classes
1522 1727 1728 1759 plantarum
1755 1724 1827 1750 dedit
1850 1724 1881 1749 L.

128 1765 326 1799 &Fragmenta
346 1765 462 1789 methodi
476 1764 627 1790 naturali?
640 1774 706 1799 pag.
721 1766 906 1800 490—514.).
942 1768 995 1793 Sed
1012 1768 1044 1793 ob
1063 1768 1205 1801 argumenti
1225 1768 1378 1794 affinitatem
1396 1769 1514 1803 profecto
1531 1768 1611 1794 illic
1634 1767 1777 1801 releganda
1794 1767 1886 1792 viden·

126 1812 168 1833 tur
187 1808 220 1832 ab
239 1807 339 1832 editore
366 1806 436 1840 Ope
446 1815 511 1832 rum
530 1807 644 1832 Linnaei.
689 1809 731 1841 Cf.
752 1809 840 1843 infra,
856 1811 901 1835 ubi
913 1811 945 1836 de
961 1812 993 1838 G.
1014 1811 1056 1836 VI.
1075 1812 1175 1845 agitur.

231 1863 259 1904 ᾗ.
281 1865 331 1894 17.
373 1861 643 1893 CONSPECTL'S
662 1863 884 1903 GENERL'M,
904 1878 982 1908 quos
997 1878 1157 1905 vocamus,
1183 1867 1455 1898 Characteres
1482 1865 1674 1895 factitios
1693 1875 1882 1903 generum

125 1916 320 1950 exhibentes,
352 1913 406 1954 (es.
429 1916 533 1955 praes.
554 1915 709 1944 Generum
730 1917 774 1955 pl.
800 1916 827 1955 ξ.
849 1919 896 1947 16,
928 1919 1001 1948 Cod.
1031 1929 1109 1958 pag.
1137 1920 1215 1956 11.)‚
1245 1918 1382 1955 singulas
1409 1917 1523 1945 classes
1557 1914 1821 1952 exordiuntur‚—
1846 1916 1880 1945 iu

123 1964 208 2006 Sy‘sl.
226 1965 278 2003 X„
294 1964 369 1995 XII.
398 1971 428 1994 et
453 1964 560 2001 X111.‚
585 1964 699 1995 additis
722 1965 875 1996 addendis
901 1969 1089 2009 mutatisque
1119 1966 1278 1997 mutandis
1309 1968 1489 2009 plerumque
1521 1965 1638 1996 iidem:
1678 1968 1731 2007 qui
1759 1967 1882 2007 quidem

72 2048 75 2049 γ
125 2029 231 2048 omncs
256 2018 429 2057 comparati
449 2022 479 2046 et
501 2018 532 2045 ιἸι
559 2017 668 2046 l'odioe
684 2019 784 2047 rec-usi
807 2022 891 2049 sunt.

194 2071 264 2096 obs.
292 2072 313 2096 1.
340 2070 412 2102 Syst.
436 2069 475 2094 ed.
490 2070 509 2095 1.
524 2069 555 2094 Π.
574 2070 618 2094 VI.
645 2075 671 2095 et
690 2071 826 2096 Methodus
839 2072 950 2097 sexualis
971 2072 1015 2104 (de
1029 2072 1120 2105 quibus
1135 2073 1170 2104 cf.
1186 2071 1260 2104 insra
1278 2071 1343 2105 Cap.
1356 2072 1403 2103 11.)
1423 2070 1454 2096 ad
1469 2070 1515 2096 hos
1537 2073 1689 2104 conspectus
1703 2070 1796 2096 collata
1819 2075 1880 2097 sunt

124 2114 263 2139 ratione
288 2113 424 2138 habita:
452 2115 475 2138 1.
500 2112 708 2138 divisionum
733 2118 768 2138 et
792 2114 1066 2140 subdivisionum
1092 2116 1119 2139 in
1137 2114 1299 2147 longioribus
1316 2122 1441 2147 generum
1458 2113 1570 2139 seriebus
1588 2114 1785 2145 institutarum,
1806 2118 1831 2138 et
1850 2116 1874 2139 2.

124 2157 326 2191 plantarum
351 2155 585 2180 anomalarurn
610 2157 796 2182 indicaturum.
814 2171 849 2175 --
884 2157 1006 2190 Reliquus
1025 2162 1111 2182 textus
1131 2166 1163 2182 ex
1189 2158 1217 2182 S.
1234 2156 1279 2181 Vl.
1303 2155 1337 2180 ad
1355 2155 1468 2189 singulas
1496 2164 1662 2189 generum
1691 2156 1879 2188 diagnoses

125 2202 160 2232 (s.
181 2199 298 2225 charact.
322 2199 466 2232 specificas)
490 2198 599 2224 collatus
617 2204 665 2224 est.

195 2251 266 2276 Obs.
291 2250 315 2276 ἓ.
358 2249 477 2274 Series
495 2258 650 2282 generum
670 2259 718 2275 non
736 2251 761 2275 in
779 2251 893 2276 omnibus
916 2251 1036 2285 operibns
1056 2250 1159 2282 eadem,
1182 2249 1228 2275 sed
1252 2248 1458 2283 frequentissime
1477 2252 1575 2274 mutata
1593 2252 1647 2280 est,
1667 2249 1707 2274 vel
1729 2249 1798 2283 quod
1815 2249 1878 2274 haec

125 2294 166 2318 vel
185 2293 228 2318 illa
243 2292 356 2317 affinitas
371 2292 452 2325 magis
475 2292 604 2326 placeret,
628 2293 669 2317 vel
687 2293 753 2326 (prod
768 2293 849 2317 serius
867 2294 954 2317 melius
974 2294 1090 2326 cognitus
1103 2293 1238 2318 character
1256 2292 1358 2325 generis
1384 2292 1458 2317 aliam
1484 2292 1625 2316 classem
1652 2292 1704 2316 vel
1725 2291 1876 2317 ordinem

125 2340 282 2370 exposceret.
326 2334 410 2368 Hujus
432 2335 470 2361 rei
487 2335 611 2361 rationem
631 2335 725 2368 ubique
745 2336 899 2361 reddidimus
919 2337 945 2361 in
966 2336 1058 2361 Codice
1076 2335 1109 2360 ad
1129 2335 1227 2368 singula
1247 2342 1359 2367 genera,
1382 2335 1449 2359 etin
1465 2335 1558 2368 Capite
1576 2338 1695 2367 sequente
1712 2334 1744 2358 ad
1764 2334 1878 2366 singulos

123 2379 211 2410 libros,
231 2387 293 2412 quos
308 2378 343 2403 ibi
362 2386 540 2410 recensemus,
559 2378 650 2403 iterum
665 2378 847 2411 indicavimus,
867 2387 990 2412 quaenam
1007 2386 1101 2411 genera
1117 2377 1141 2403 in
1157 2378 1206 2402 hoc
1221 2377 1263 2402 vel
1278 2377 1320 2401 illo
1339 2377 1445 2411 priunum
1465 2377 1536 2402 locos
1553 2381 1665 2402 mutatos
1680 2377 1836 2410 acceperint.

193 2430 264 2456 0120.
283 2430 307 2455 3.
352 2430 519 2456 Classiam
538 2429 688 2455 Ordines
708 2429 815 2454 maxime
834 2429 867 2454 ad
887 2430 914 2454 S.
931 2429 991 2454 XII.
1018 2433 1045 2453 et
1062 2428 1133 2454 xm.
1160 2428 1314 2453 exhibemus.
1364 2428 1472 2453 Variam
1495 2428 1531 2454 illi
1552 2428 1629 2453 variis
1651 2427 1675 2452 in
1691 2428 1809 2461 operibus
1829 2427 1875 2460 L.‚

124 2474 157 2498 ob
176 2473 264 2498 addita
285 2472 406 2497 meliusve
431 2473 533 2506 cognita
555 2480 649 2506 genera
661 2491 668 2503 ,
696 2481 761 2506 quae
782 2473 930 2503 efficerent,
958 2476 986 2497 ut
1003 2472 1076 2497 modo
1095 2471 1224 2497 deleretur
1241 2471 1319 2502 ordo,
1346 2471 1419 2496 modo
1438 2480 1519 2497 novus
1538 2471 1682 2496 accederet.
1730 2471 1803 2501 Quas
1819 2479 1876 2496 mu·

123 2515 235 2539 tationes
252 2515 276 2539 in
293 2514 391 2540 Codice
409 2514 523 2540 indicare
538 2516 659 2548 nolentes,
682 2515 871 2540 hic'recensere
893 2514 1030 2540 voluimus:
1050 2529 1083 2533 —-
1116 2518 1206 2538 class.
1230 2518 1261 2538 ΙΙ.
1286 2518 1422 2544 υίῃῃηία
1444 2514 1473 2539 θ’.
1495 2519 1516 2538 {n
1532 2518 1600 2541 s.1.;
1618 2528 1645 2533 -
1669 2517 1708 2538 (Ἰ.
1729 2518 1760 2538 ΙΙ.
1789 2519 1868 2544 Triy.

123 2549 153 2574 θ,
175 2552 200 2572 S.
214 2553 304 2576 1—11.,
323 2553 387 2572 adest
400 2553 449 2572 inde
465 2559 478 2572 a
495 2551 520 2574 G.
539 2553 577 2577 ll.;
590 2565 623 2568 —
641 2554 681 2574 ct.
710 2554 745 2574 ΓΙ.
768 2554 884 2579 Telruy.
909 2550 938 2574 θ,
952 2553 976 2572 S.
992 2553 1020 2575 l.;
1033 2563 1066 2567 —
1088 2552 1128 2572 cl.
1146 2553 1181 2572 Vl.
1207 2553 1317 2577 llezaq.
1343 2552 1407 2572 adest
1421 2558 1460 2578 pro
1477 2553 1591 2576 anomalis,
1607 2552 1696 2575 Afism..
1711 2552 1828 2572 namasnn.
1851 2555 1874 2572 et

124 2587 259 2611 Triglochin.
279 2588 299 2607 in
316 2587 341 2607 S.
356 2587 492 2611 1.‚ll..vl.·,
513 2598 542 2602 —-
571 2588 610 2608 CI.
642 2589 692 2609 Vll.
717 2588 782 2614 Dio.
805 2584 834 2608 θ.
863 2589 914 2607 ante
932 2587 956 2606 S.
967 2587 1008 2610 X.;
1027 2597 1059 2601 —
1078 2587 1117 2606 ΓΙ,
1140 2587 1191 2606 ΓΙΙ.
1214 2587 1288 2612 Triy.
1310 2583 1340 2607 θ.
1370 2589 1420 2606 ante
1444 2586 1483 2612 Sp.
1497 2586 1537 2610 l!.;
1556 2597 1589 2601 —
1615 2586 1655 2606 CI.
1673 2587 1721 2606 ΓΙΙ.
1747 2587 1870 2613 Trlrny.

125 2621 276 2646 praecedentis
292 2622 340 2641 luco
354 2622 418 2641 adest
437 2623 458 2641 in
473 2622 564 2645 still..
584 2623 653 2643 Maur.
671 2622 710 2647 11.;
727 2633 757 2638 -
782 2621 820 2642 CI.
840 2622 890 2641 Vll.
908 2622 1034 2648 Ileplay.
1053 2621 1104 2640 add.
1119 2621 1169 2640 inde
1184 2627 1197 2640 a
1209 2620 1343 2646 sp.11.;—
1366 2621 1404 2641 CI.
1422 2621 1485 2642 mu.
1503 2620 1607 2647 Polyg.
1628 2620 1693 2641 adest
1714 2626 1753 2647 pro
1773 2621 1875 2641 Murhelis

193 2724 211 2748 1)
247 2724 325 2750 Neque
342 2726 398 2745 enim
417 2732 437 2745 v.
456 2732 476 2746 c.
501 2726 521 2746 in
539 2728 610 2747 mente
630 2727 693 2747 nobis
711 2729 761 2750 est.
780 2727 877 2752 recipere
896 2726 937 2745 sub
961 2723 1131 2744 Boethus:
1154 2724 1229 2744 laudes
1249 2724 1375 2744 immortalis
1393 2723 1509 2744 Boethuii
1526 2730 1553 2744 ex
1575 2724 1602 2744 H.
1623 2724 1689 2747 clim,
1708 2725 1740 2743 vel
1767 2726 1871 2750 originem

122 2759 232 2779 nominum
250 2759 397 2783 gen-:ricorum
416 2760 542 2784 Rosiae,
563 2761 758 2786 (turriginlae
777 2764 819 2780 etr.
845 2766 874 2780 ex
898 2759 990 2780 strum.
1013 2761 1036 2778 et
1052 2758 1082 2779 Π.
1104 2759 1186 2784 Larum,
1205 2759 1238 2778 vel
1258 2759 1343 2778 notula:
1361 2759 1485 2779 innumeras
1499 2759 1663 2781 oeconomica,
1687 2759 1804 2779 medicale:
1823 2763 1864 2779 etc.

123 2799 151 2812 ex
165 2792 195 2813 Ι-Ἰ.
212 2792 282 2819 Lapp.
301 2796 323 2812 et
332 2793 431 2814 suecica.
472 2794 534 2816 Quae
550 2802 591 2816 suo
608 2795 656 2816 loco
673 2796 754 2822 optime
770 2794 887 2822 aliquando
908 2794 1008 2814 invenie·
1026 2793 1047 2813 in
1067 2793 1175 2820 Operibus
1192 2793 1294 2814 Limnes:
