1970 3009
52 75 109 102 Mt
610 67 619 75 χ
781 71 941 102 Mon-mm
965 81 1110 103 rim-roms.

161 163 187 204 ξ.
205 164 256 194 29.
298 162 550 194 CITATIOBES
576 161 748 193 Linnaei
772 163 823 200 (cs.
843 162 930 203 §.21.
947 164 1052 193 obs.1.
1064 163 1108 203 2.)
1124 173 1290 205 parumper
1306 163 1561 195 emendavimus:
1580 165 1724 208 primum,
1745 166 1829 207 quod

55 216 169 256 ubique
189 215 411 257 adscripsimus
435 226 472 244 an
497 226 586 256 pag„
604 225 643 244 an
661 226 710 246 no.
737 215 882 252 chentur,
912 215 996 256 quod
1020 216 1071 245 ille
1093 216 1148 245 vix
1169 227 1300 257 usquam
1326 215 1365 245 ad
1391 217 1486 247 libros
1503 219 1667 260 proprios3
1691 237 1728 241 -—
1756 217 1829 249 dein

57 266 150 309 quod,
172 268 274 298 demto
301 270 430 298 collatas
446 279 484 297 es
506 269 582 308 ipsis
604 268 756 307 operibns,
780 267 971 297 correximus
991 268 1044 297 ubi
1062 268 1176 305 salsae;
1192 286 1228 290 -
1256 270 1286 299 3.
1310 267 1392 309 quod
1413 272 1549 300 numeris
1565 272 1700 301 romanis
1715 271 1828 301 utimur

57 318 97 349 ad
126 319 353 359 designandam
381 321 469 350 Ceut.
481 320 507 350 I.
519 319 575 358 IL,
595 319 783 349 Mantissam
800 320 826 350 I.
853 320 899 350 II.
928 325 958 349 et
982 318 1022 349 ad
1038 320 1270 350 Editiones
1297 322 1409 351 varias.
1428 321 1519 359 (ctzv.
1539 321 1562 362 ᾗ.
1575 324 1626 353 28.
1655 323 1721 352 obs.
1732 324 1776 361 2.)

164 389 192 429 ς’.
221 391 271 419 30.
324 388 458 419 YITHS
487 399 752 419 Trroenstrntms
782 399 875 431 opera
895 389 1074 419 Linnaeana
1093 389 1376 419 refertissima
1405 396 1493 420 sunt:
1521 402 1594 432 prae
1612 392 1720 421 ceteris
1745 392 1829 421 Hor—

57 447 106 471 tus
129 440 228 479 Cliss‘„
257 447 287 470 et
306 440 432 482 Species
457 452 580 482 quoqne
596 441 784 471 Plantarum.
840 437 954 471 Tacite
975 440 1167 472 correximus
1194 451 1273 482 quae
1303 441 1460 483 absque
1487 444 1572 472 ullo
1600 441 1726 474 dubio
1755 443 1828 472 talia

58 499 163 524 erant:
188 498 274 523 caute
303 493 395 532 igitur
418 494 450 522 in
478 493 535 522 hac
562 504 595 522 re
623 493 739 523 versati
763 503 882 523 sumus.

127 557 200 583 Obs.
223 558 245 582 1.
282 556 340 581 Jam
361 556 483 581 Smithius
499 557 524 581 in
540 556 579 581 FI.
606 556 690 590 Lapp.
719 556 757 581 ed.
776 556 808 581 ΙΙ.
832 565 862 582 ea
881 556 982 582 ratione
995 554 1069 590 plura
1089 555 1153 582 vitia
1174 559 1277 590 typogr.
1300 559 1325 582 et
1339 556 1426 581 Citata
1443 565 1549 590 operum
1562 557 1721 583 diversorum
1741 567 1828 584 corre-

56 600 108 626 xit:
134 601 206 633 cujus
226 600 416 626 emendationes
434 609 480 624 nos
497 608 597 633 quoque
613 599 763 633 recepimus.

128 644 195 669 obs.
221 645 245 669 2.
290 643 318 668 ln
333 643 403 668 libris
419 651 433 667 a
451 643 525 667 nobis
543 642 681 674 adhibitis,
704 645 732 666 ut
746 650 793 675 par
808 644 862 675 est,
882 641 963 676 primo
979 641 1134 677 inspeximus
1155 642 1368 675 „Emendanda”
1390 642 1416 667 in
1435 642 1486 668 fine
1503 643 1562 668 libri
1575 646 1602 668 et
1618 643 1710 669 exinde
1730 646 1829 669 textum

57 687 221 712 correximus.
260 686 314 711 Sed
329 690 458 720 praestat,
476 686 501 711 id
517 694 619 720 quoqne
635 684 836 710 commemorari.

129 731 198 756 Obs.
224 730 248 756 3.
291 730 362 755 Inter
383 730 447 755 haec
466 730 531 755 vitia
549 729 703 763 typothetae
722 736 798 753 unum
816 728 946 761 singulare
959 733 1013 762 est,
1037 729 1105 762 quod
1127 729 1200 763 plura
1220 737 1317 762 genera
1339 728 1363 753 in
1378 729 1404 754 S.
1422 729 1483 754 XII.
1511 729 1587 755 salsos
1607 729 1827 761 habeantssnume-

57 782 117 806 ros,
138 782 221 807 neque
233 773 383 807 conspectui
399 773 486 798 classis
497 792 504 804 ,
520 782 567 798 nec
581 774 646 798 Gen.
663 773 707 797 VI.
730 775 911 804 congruentes.
947 772 976 796 Id
989 773 1056 805 quod
1068 774 1120 806 jruu
1132 773 1235 804 Murra)
1257 772 1281 796 in
1298 772 1335 796 ed.
1355 772 1426 796 Mtt.
1447 772 1567 798 correxit..

128 817 197 842 Obs.
219 816 242 842 4.
287 817 393 849 „Fuere
415 816 518 849 quidam
541 816 590 841 viri
606 816 676 841 docti
693 819 744 841 tam
764 814 858 848 iniqui,
878 818 906 839 ut
926 823 1026 840 errores
1049 816 1250 849 typographio-os
1273 815 1338 840 adeo
1367 815 1481 840 Linnaeo
1503 815 1658 849 imputarent
1679 815 1828 850 idcircoque

55 860 126 886 illum
145 859 331 885 infestarent.’⁷
368 861 410 885 lta
426 860 640 885 &chrebcrus
660 859 688 884 in
708 857 825 883 versione
840 858 995 890 germanica
1015 859 1047 883 Ie.
1068 859 1187 892 lestrog.
1216 868 1240 891 p.
1260 859 1317 884 257.

127 912 168 937 Ob
177 921 195 937 s.
215 912 237 937 5.
282 911 453 945 Nequaquam
475 911 558 937 omnia
570 911 595 936 in
614 914 687 936 textu
702 918 717 935 a
731 909 804 934 nobis
826 912 943 934 correcta
958 918 1032 941 esse,
1052 918 1101 935 non
1122 910 1277 942 negabimus.
1315 909 1383 934 Nam
1406 917 1483 942 quum
1496 909 1649 936 Linnaeanis
1665 911 1780 936 omnibus
1801 916 1827 936 et

56 954 146 980 alienis
165 954 291 979 nonnullis
306 954 435 989 operibns,
452 963 518 988 quae
534 955 612 980 citata
630 958 719 985 erant,
746 952 871 984 evolutis,
890 955 943 977 tam
963 953 1042 979 multa
1057 954 1181 987 ejusmodi
1195 953 1260 978 vitia
1279 952 1464 978 invenerimus:
1486 952 1512 978 in
1527 953 1631 987 reliquis
1644 954 1719 988 plura
1733 963 1825 989 super-

57 1007 179 1024 essenon
198 997 350 1023 dubitamus.
383 998 456 1028 Quae
476 1002 575 1033 tempus
593 1006 705 1032 ususque
719 998 832 1024 docebit.

162 1055 190 1096 ᾗ.
212 1057 263 1085 31.
298 1055 521 1086 TEffltffiOS
543 1058 693 1087 sensim
717 1068 737 1087 a
762 1057 800 1086 L.
826 1054 1064 1086 emendatos
1092 1064 1202 1084 omnes
1224 1053 1362 1084 indicare
1386 1053 1498 1095 quovis
1521 1054 1605 1092 loco,
1634 1055 1824 1097 superfluum

56 1105 275 1146 judicavimus.
329 1106 401 1149 Ipse
419 1108 576 1138 Linuaeus
600 1119 665 1147 eos⁷
685 1107 760 1138 dum
782 1108 879 1137 libros
904 1107 1024 1149 priores
1050 1106 1138 1143 citat,
1154 1107 1336 1147 plerumque
1358 1106 1450 1135 simul
1472 1112 1641 1136 commutat
1660 1107 1693 1136 in
1714 1118 1823 1137 recen—

57 1161 152 1189 tiores
179 1160 379 1200 melioresque
406 1170 489 1189 suos.
542 1159 735 1201 Saepissime
759 1166 879 1199 tamen,
908 1169 948 1188 ne
973 1169 1031 1188 nos
1054 1158 1243 1199 vituperaret
1277 1159 1334 1188 tiro
1372 1158 1485 1192 librum
1509 1158 1724 1188 Linnaeanutn
1754 1169 1824 1189 cum

57 1209 164 1240 codice
189 1221 387 1252 comparans,
415 1222 528 1242 vocem
543 1217 587 1250 ‚‚t.
605 1213 649 1242 e.’'
676 1211 788 1252 (§.12.
809 1210 858 1252 1.)
885 1210 1106 1252 adscripsimus
1134 1209 1290 1247 ejusmodi
1318 1209 1466 1240 Citato.

127 1275 197 1300 Obs.
241 1274 437 1300 Historiam
463 1275 730 1308 terminologiae
754 1275 970 1300 Linnaeanae
995 1273 1138 1306 scripturo⁷
1173 1272 1325 1303 suademus„
1351 1276 1380 1297 ut
1403 1273 1460 1307 ipsa
1482 1282 1560 1308 opera
1582 1273 1715 1306 orIginalia
1735 1273 1819 1299 adeat.

57 1317 110 1344 Sed
134 1323 163 1343 ut
187 1318 297 1343 lectores
325 1323 482 1350 cognoscant
506 1327 549 1344 eas
576 1328 671 1350 voces,
697 1327 759 1352 quas
784 1318 934 1352 plerumque
958 1317 1088 1342 Linnaeus
1114 1325 1169 1341 cum
1192 1316 1244 1342 suis
1268 1316 1455 1342 recentioribus
1482 1320 1619 1342 conmutat
1643 1320 1669 1342 et
1692 1325 1755 1350 quas
1777 1326 1824 1342 nos

58 1370 108 1387 non
125 1370 172 1396 pro
192 1365 277 1386 textus
299 1361 472 1394 discrepantia
488 1369 551 1386 vera
571 1361 597 1386 in
613 1361 700 1386 codice
718 1361 880 1395 recipiendas
902 1361 1038 1391 habemus,
1063 1360 1178 1385 breviter
1202 1368 1244 1384 eas
1264 1360 1400 1385 addamus:
1418 1375 1452 1379 -—

125 1414 195 1438 Ante
214 1413 295 1438 Wirid.
328 1413 398 1438 Ctiff.
420 1414 450 1438 L.
475 1413 579 1446 scripsit
600 1421 646 1446 pro
669 1413 831 1439 runcinatus:
853 1413 1117 1447 pinnato-hastatus
1133 1416 1159 1437 et
1171 1412 1445 1445 pinnato-sinuatus,
1467 1427 1495 1430 —
1514 1420 1561 1445 pro
1575 1411 1653 1437 caulis
1676 1411 1823 1444 herbaceus,

56 1455 209 1487 fruticosis,
235 1457 373 1481 arboreus:
399 1457 482 1481 caulis
505 1465 623 1486 αηιιιιιιε,
644 1458 782 1489 perennis,
797 1471 829 1476 -
850 1466 896 1491 pro
914 1456 1043 1488 axillaris,
1068 1455 1198 1480 lateralis:
1230 1455 1257 1480 in
1278 1455 1345 1486 alis,
1371 1464 1400 1480 ex
1423 1455 1489 1486 alis,
1510 1469 1544 1474 —-
1563 1463 1609 1488 pro
1633 1455 1725 1486 bacca,
1749 1463 1817 1489 caps·

57 1504 122 1524 etc.:
144 1501 264 1532 fructus,
287 1514 319 1517 —
337 1508 383 1532 pro
400 1500 477 1524 faux:
499 1500 646 1530 collum‚—
659 1508 705 1533 pro
724 1500 845 1525 foliosus:
866 1500 1013 1533 soliofflsus,
1029 1513 1060 1517 -
1077 1508 1124 1532 pro
1138 1498 1291 1523 undulatos:
1311 1499 1432 1531 plicatus,
1449 1513 1477 1516 ——
1499 1506 1545 1531 pro
1563 1497 1667 1530 glaber:
1688 1498 1779 1530 nudus,
1792 1513 1824 1516 -—

55 1551 105 1577 pro
126 1542 228 1568 aculeo:
248 1542 334 1575 spina,
353 1557 387 1561 -—
408 1551 455 1576 pro
477 1542 622 1567 floriferus:
643 1544 753 1576 petiolus
767 1545 874 1576 florens.
903 1558 935 1562 —-
972 1543 1055 1567 Porro
1075 1551 1121 1576 pro
1141 1541 1333 1574 integerrimus.-
1351 1542 1474 1575 margine
1493 1541 1612 1574 integer,
1639 1541 1761 1575 margine
1782 1541 1825 1566 in-

55 1585 229 1619 tegerrimus,
246 1601 278 1604 —
297 1594 346 1619 pro
374 1586 541 1619 quadrijugus
573 1586 612 1619 (5,
628 1587 653 1617 6,
666 1587 699 1612 7-
709 1587 796 1620 jug.):
819 1587 918 1618 solium
938 1586 963 1617 4,
981 1587 1005 1616 5,
1023 1587 1039 1611 6
1059 1589 1104 1611 etc.
1134 1587 1255 1619 parium,
1274 1600 1308 1603 —
1330 1593 1378 1619 pro
1398 1585 1564 1617 conjugatus:
1589 1584 1707 1615 binatus,
1725 1598 1759 1602 —
1778 1592 1824 1617 pro

56 1633 173 1654 erectus:
193 1632 291 1661 rectus,
308 1643 341 1646 —
364 1637 411 1663 pro
430 1629 562 1654 deciduum
581 1629 640 1654 soh:
671 1639 787 1655 annuum
799 1630 851 1661 sol.
866 1644 899 1648 —-
923 1637 970 1662 pro
987 1628 1144 1653 obem-datus
1163 1634 1213 1654 etc.
1240 1630 1283 1662 (S.
1304 1628 1338 1653 X.
1356 1637 1409 1661 sq.‚
1422 1629 1456 1660 cf.
1473 1628 1532 1653 Cocl.
1554 1636 1618 1661 pag.
1637 1628 1661 1653 6.
1689 1632 1742 1653 not.
1764 1627 1823 1659 1.)=

56 1672 219 1698 vertit-aliter
246 1671 370 1697 cordatus
404 1672 444 1696 Ft.
474 1672 556 1706 Lapp.
573 1692 580 1705 ,
609 1673 713 1698 obverse
738 1673 860 1697 cordatus
890 1673 924 1697 H.
949 1671 1019 1697 Cliff.
1043 1679 1123 1704 usque
1149 1671 1181 1696 ad
1205 1672 1250 1705 Sp.
1271 1672 1305 1703 1.,
1329 1687 1362 1690 -
1387 1680 1433 1705 pro
1462 1671 1509 1696 sub
1525 1686 1537 1689 -
1560 1672 1605 1704 (v.
1630 1672 1662 1696 *c.
1691 1670 1823 1695 subova-

56 1716 129 1748 tus):
148 1717 208 1747 fere
228 1715 323 1747 (usque
337 1714 369 1740 ad
389 1715 428 1739 FI.
454 1715 483 1740 S.
500 1716 547 1748 1.),
566 1731 600 1734 -
620 1724 666 1749 pro
692 1715 845 1741 terminalis:
871 1715 1039 1741 terminati-ix
1067 1716 1162 1748 (nsque
1182 1715 1214 1739 ad
1232 1715 1309 1740 Hort.
1333 1715 1436 1748 Ups.)‚
1457 1728 1491 1732 —
1511 1722 1557 1748 pro
1579 1722 1702 1747 superus,
1727 1713 1826 1739 inferus

56 1759 107 1791 (G.
128 1758 158 1782 V.
177 1758 239 1790 VL,
254 1758 280 1784 S.
296 1757 344 1791 X„
367 1758 401 1784 cf.
436 1758 525 1784 Codic.
548 1767 609 1793 pag.
625 1760 650 1785 6.
678 1762 732 1785 not.
750 1759 806 1792 1.):
829 1759 961 1792 germini,
982 1759 1145 1792 receptaculo
1166 1759 1299 1791 insidens,
1324 1758 1366 1783 vel
1385 1758 1461 1783 etiam
1474 1766 1556 1792 supra
1577 1766 1625 1783 rec.
1640 1775 1648 1789 ‚
1668 1765 1749 1790 supra
1761 1764 1811 1790 ger

55 1810 130 1834 men,
147 1801 221 1834 infra
239 1809 347 1834 germen
363 1804 408 1825 etc.

161 1857 189 1899 ξ.
215 1859 266 1888 32.
320 1855 487 1887 INDICES
515 1863 596 1888 tres
623 1859 655 1888 in
682 1859 745 1889 fine
773 1858 899 1890 Codicis
921 1859 1125 1889 exhibemus:

163 1920 195 1958 1)
222 1916 248 1946 E
257 1928 277 1946 n
287 1928 306 1945 u
315 1927 347 1945 m
355 1926 370 1945 e
381 1927 395 1946 r
404 1917 488 1946 atio
496 1927 517 1946 n
526 1928 542 1947 e
550 1928 582 1947 m
610 1928 626 1947 a
637 1930 655 1948 u
664 1924 674 1948 t
683 1930 701 1949 0
710 1930 724 1948 r
734 1930 752 1948 u
761 1929 793 1948 m
820 1929 838 1948 a
865 1919 1005 1949 Linnaeo
1034 1919 1247 1948 adhibitorum
1274 1922 1305 1946 et
1332 1926 1372 1946 ex
1399 1922 1485 1959 parte
1511 1927 1635 1958 quoque
1661 1916 1821 1947 citatorum

57 1971 109 2010 (cf.
138 1969 165 2011 ξ.
184 1971 233 2000 16.
256 1969 323 1999 obs.
342 1969 396 2007 1.).

161 2041 195 2078 2)
225 2037 389 2068 Clavem
416 2037 649 2078 paginarum
675 2037 708 2067 in
730 2036 884 2068 editiones
914 2043 1034 2067 textum
1055 2037 1179 2078 proprie
1209 2036 1388 2074 efficientes,
1421 2035 1505 2076 Syst.
1531 2042 1593 2067 nat.
1610 2036 1668 2067 VI.
1685 2036 1729 2066 X.
1751 2034 1825 2065 XII.

58 2091 160 2128 XHL,
189 2089 242 2132 Sp.
256 2089 347 2128 1.11.‚
377 2087 455 2120 Gen.
472 2088 496 2118 I.
514 2088 555 2120 ll.
571 2089 615 2120 V.
643 2095 672 2119 et
688 2089 747 2121 VI.
802 2088 896 2128 Cujus
919 2100 980 2131 ope
1006 2089 1177 2120 vitavimus
1200 2100 1238 2118 ne
1265 2098 1483 2129 usquequaque
1508 2087 1541 2117 in
1564 2087 1671 2118 codice
1693 2088 1824 2130 paginae

59 2142 202 2173 citandae
230 2146 345 2173 essent.

167 2211 202 2251 3)
228 2209 413 2240 Iudicem
441 2209 747 2251 alphabeticum
776 2209 1041 2239 confertissimum
1068 2215 1097 2238 et
1127 2207 1406 2250 locupletissimum
1433 2209 1606 2244 Generum,
1642 2207 1824 2247 Specierum

62 2270 91 2293 et
115 2264 369 2303 Sffltonymorum
395 2261 554 2298 omnium,
583 2272 643 2302 qno
673 2261 799 2302 quidem
827 2262 912 2292 viam
941 2261 1120 2291 Lectoribus
1147 2259 1186 2289 ad
1211 2259 1361 2290 codicem
1384 2266 1519 2289 sternere
1546 2258 1703 2290 voluimus
1731 2267 1824 2299 qnam

62 2316 199 2345 maxime
228 2312 416 2355 expeditam.
