1970 3009
1490 452 1554 470 2³¹·

1516 500 1526 514 ἦ

401 589 895 654 mEcToRI
948 586 1568 650 BENEvoLo.

171 851 201 894 ᾖ.
232 854 261 884 1.
307 825 592 883 SAECULARIS
632 859 727 880 annus
770 853 836 884 est,
882 858 920 880 ex
962 859 1023 890 quo
1063 848 1194 889 primum
1232 858 1405 889 apparuere
1447 857 1568 888 opera
1611 846 1701 878 Divi
1743 846 1883 876 Caroli

87 914 282 949 mmmm,
307 912 417 951 quibus
441 912 480 941 ob
505 911 655 952 insignem
678 910 870 948 methodum,
893 910 1046 941 insolitam
1070 910 1164 940 fidem
1186 913 1281 949 atque
1304 908 1511 939 admirandam
1534 909 1627 945 illam,
1651 918 1741 948 quam
1765 910 1883 937 testan-

86 978 154 1011 tur,
178 973 368 1013 diligentiam
394 972 473 1002 intra
496 972 590 1003 breve
616 975 739 1012 tempus
763 982 822 1012 per
843 972 950 1002 orbem
974 974 1124 1001 terrarum
1147 971 1302 1010 receptis,
1335 970 1437 1000 subito
1461 970 1559 1000 omnis
1588 969 1717 999 historia
1738 967 1884 998 naturalis

87 1034 128 1064 de
147 1034 269 1074 integro
290 1043 438 1063 conversa
463 1035 511 1063 est
528 1043 699 1073 novamque
722 1033 834 1063 faciem
857 1033 956 1063 induit
977 1043 1012 1062 ac
1035 1042 1144 1062 novam
1167 1031 1290 1061 intravit
1313 1041 1424 1061 aeram.

177 1093 207 1134 §.
231 1097 261 1126 2.
297 1093 436 1124 OPERA
457 1094 525 1131 illa,
548 1095 678 1124 maxime
700 1105 779 1134 quae
802 1094 841 1123 ad
858 1093 1044 1133 Systema
1062 1093 1236 1123 Naturae
1260 1093 1427 1132 pertinent,
1451 1095 1545 1131 atque
1564 1100 1602 1120 ex
1621 1090 1670 1120 his
1694 1090 1886 1120 botanica

88 1164 164 1195 prae
187 1155 316 1192 ceteris,
340 1156 406 1195 jam
433 1155 497 1184 fide
528 1156 644 1185 autoris
674 1159 706 1185 et
730 1156 902 1185 nominibus
926 1155 963 1184 ab
989 1164 1027 1184 eo
1050 1154 1234 1183 introductis
1258 1154 1451 1192 sanctisque,
1480 1152 1666 1193 singularem
1689 1152 1886 1181 autorita-

89 1219 168 1245 tem
191 1215 273 1254 apud
297 1225 403 1245 omnes
427 1216 566 1246 eruditos
586 1220 675 1246 nacta
701 1221 781 1254 sunt,
806 1218 848 1247 ita
869 1221 903 1246 ut
922 1217 995 1257 jure
1018 1225 1098 1246 nunc
1120 1214 1293 1245 habeantur
1312 1214 1546 1244 fundamentum
1570 1213 1781 1253 cujuscunque
1804 1213 1834 1242 iu
1852 1222 1887 1242 re

89 1276 231 1306 botanica
255 1276 494 1316 disquisitionis,
519 1278 741 1307 emendationis
766 1282 798 1308 et
824 1278 997 1307 additionis.

176 1336 206 1376 ᾗ.
229 1338 259 1367 3.
306 1337 529 1367 EDITIONES
553 1347 658 1368 eorum
687 1339 784 1368 varias
808 1339 975 1368 habemus:
1005 1337 1116 1377 partim
1145 1335 1385 1376 originales,
1409 1334 1599 1365 Linnaeauas
1622 1351 1666 1356 ——
1688 1334 1798 1373 partim
1821 1333 1886 1373 hy-

89 1397 246 1434 bridas,
280 1397 386 1427 furtim
410 1407 534 1426 recusas
557 1416 600 1420 —
622 1398 672 1427 vel
696 1399 915 1435 alienatas,
949 1398 1126 1428 emendatas
1150 1401 1318 1435 auctasque
1342 1398 1380 1426 ab
1403 1397 1471 1426 aliis
1493 1413 1537 1418 -—
1558 1395 1608 1425 vel
1637 1394 1809 1431 alienas,
1839 1394 1887 1423 xix

89 1459 147 1488 nisi
164 1457 292 1488 Linnaei
316 1459 439 1487 nomine
463 1461 584 1487 ornatas
606 1458 831 1489 elaborationes
853 1460 997 1490 Virorum
1021 1458 1197 1488 Doctorum.
1243 1457 1290 1486 Ex
1314 1457 1362 1486 his
1385 1457 1640 1486 Linuaeanae
1666 1455 1771 1495 [quasi
1795 1465 1887 1484 unum

92 1520 298 1560 organismum
332 1519 427 1548 hodie
457 1518 650 1558 referentes]
683 1520 856 1549 continuam
889 1520 1002 1548 seriem
1035 1518 1301 1553 emendationum,
1336 1518 1538 1547 mutationum
1570 1517 1820 1555 additionumque
1852 1516 1889 1544 ab

90 1583 218 1610 auctore
240 1579 393 1609 factarum
417 1579 583 1615 exhibent,
614 1580 657 1608 ita
680 1583 714 1608 ut
738 1590 808 1609 sese
832 1580 961 1608 invicem
991 1589 1144 1618 nunquam
1169 1589 1229 1607 non
1253 1578 1399 1617 expleant
1423 1583 1475 1607 aut
1498 1579 1763 1617 interpretentur,
1794 1579 1887 1615 atque

89 1641 210 1681 singula
233 1641 382 1677 seorsim,
410 1640 598 1679 reliquorum
622 1640 788 1670 collatione
811 1640 972 1680 neglecta,
996 1649 1122 1679 prorsus
1147 1639 1278 1678 intelligi
1303 1642 1467 1677 nequeant.

178 1701 207 1741 ἓ.
232 1704 261 1733 4.
306 1699 488 1730 RAluTAS
513 1701 740 1730 editionum
764 1700 1050 1739 originalium,
1075 1700 1105 1728 iu
1127 1700 1309 1738 quibusdam
1333 1699 1372 1728 de
1396 1700 1446 1728 die
1470 1699 1499 1727 in
1524 1698 1606 1726 diem
1628 1696 1767 1731 adaucta,
1791 1694 1888 1724 PRE-

89 1760 199 1791 TIUM
222 1761 365 1790 eximium
390 1770 450 1800 quo
474 1764 618 1790 emuntur
640 1765 701 1790 tam
732 1762 858 1801 copiosa
880 1760 1063 1790 fertilissimi
1087 1760 1246 1798 scriptoris
1271 1769 1382 1798 opera,
1407 1756 1682 1787 DlFFlCULTAS
1704 1756 1828 1785 tandem
1852 1765 1889 1784 ea

88 1821 208 1859 singula
231 1821 391 1849 evolvendi
414 1821 444 1849 in
467 1822 574 1859 quovis
598 1831 713 1861 genere
737 1825 769 1851 et
793 1823 897 1862 quavis
921 1821 1027 1860 specie
1051 1820 1120 1860 [nec
1145 1820 1317 1849 taediosum
1341 1819 1440 1849 solum
1464 1819 1523 1847 hoc
1548 1821 1606 1853 est,
1629 1826 1735 1845 verum
1759 1816 1789 1844 iu
1812 1825 1887 1844 non-

93 1880 185 1910 nullis
214 1879 293 1908 adeo
317 1879 519 1918 perdifficile:
553 1881 669 1920 quippe
700 1892 793 1920 quum
817 1883 996 1912 abscondita
1020 1881 1172 1920 permulta
1197 1881 1256 1910 sint
1280 1880 1309 1909 in
1334 1879 1550 1909 additamentis
1577 1878 1727 1906 xariorum
1750 1885 1888 1915 operum,

87 1941 138 1970 vel
167 1943 285 1970 tantum
316 1940 346 1969 in
372 1940 639 1970 dissertationibus
670 1939 715 1978 ὠς
745 1941 781 1973 ἐν
804 1942 943 1983 παρόδῳ
974 1945 1120 1970 notentur
1150 1944 1182 1970 ct
1212 1941 1257 1969 sic
1285 1939 1414 1979 porro]:
1437 1956 1481 1961 —
1511 1939 1638 1967 omnia
1664 1938 1761 1966 haec
1792 1937 1887 1976 inagis

88 2002 248 2041 magisque
278 2005 421 2038 monent,
452 2001 562 2031 adesse
586 2005 726 2041 tempus,
758 2011 818 2041 quo
842 2002 966 2031 tandem
990 2001 1153 2040 aliquando
1177 2001 1301 2040 prodire
1331 2000 1445 2029 debeat
1469 1998 1610 2028 EDITIO
1640 1998 1790 2027 variorum
1814 1997 1886 2026 Lin-

93 2071 279 2091 naeanorum
309 2072 454 2101 operum,
482 2065 601 2092 textum
633 2063 693 2091 rite
726 2066 937 2102 comparatum
968 2066 999 2091 et
1028 2062 1058 2091 in
1090 2072 1182 2090 unum
1212 2061 1353 2090 volumen
1376 2064 1565 2089 contrat-tum
1593 2059 1766 2093 continens,
1800 2058 1887 2087 usui

89 2122 372 2152 botanicorum
404 2123 590 2161 practico
621 2123 790 2159 destinata,
823 2133 922 2161 eaque
951 2123 1069 2152 ratione
1101 2123 1243 2158 redacta,
1273 2125 1307 2150 ut
1325 2121 1389 2161 jam
1421 2122 1555 2159 pretiosa
1587 2120 1637 2148 illa
1668 2123 1698 2147 et
1727 2118 1887 2157 perpetuis

91 2183 328 2221 repetitionibus
356 2183 418 2212 suis
445 2183 534 2212 §alde
553 2183 683 2213 molesta
707 2183 938 2222 Originalia
962 2183 1189 2212 Linuaeana
1214 2182 1322 2221 seponi
1348 2185 1442 2220 atque
1467 2181 1504 2210 ad
1527 2180 1730 2209 bibliothecas
1754 2179 1885 2218 majores

88 2243 221 2283 relegari
244 2243 373 2281 possint.

177 2303 207 2342 §-
231 2305 260 2334 5.
307 2301 448 2332 CODEX
484 2302 634 2342 ejusmodi
670 2302 892 2332 botanicus
930 2302 1184 2333 Linnacanus
1222 2313 1351 2332 necesse
1389 2306 1437 2332 est
1473 2300 1640 2330 lectoribus
1677 2300 1793 2328 haecce
1830 2308 1883 2328 ex-

89 2364 217 2393 hibeat:

179 2421 214 2464 1)
245 2422 398 2452 ΤΕΧΤωι
424 2432 646 2453 οωιΡω-ῑνωι
670 2432 796 2462 operum
821 2433 943 2459 eorum,
967 2432 1046 2461 quae
1070 2433 1170 2452 coram
1195 2423 1270 2452 orbe
1293 2426 1442 2451 terrarum
1459 2421 1663 2450 Linnacauam
1687 2419 1882 2448 autoritatem

90 2484 242 2520 referunt,
267 2484 285 2513 i.
311 2493 337 2512 e.
362 2483 530 2512 editionum
555 2484 745 2523 originalium
770 2483 1020 2523 Systematis
1044 2483 1223 2512 Naturae
1248 2482 1322 2524 (Ed.
1348 2483 1379 2518 L,
1403 2482 1449 2516 11„
1474 2481 1535 2516 tl„
1560 2480 1608 2516 X„
1635 2479 1700 2508 xli.
1728 2483 1759 2508 et
1784 2478 1879 2519 xm.)

90 2544 287 2573 Generum
311 2543 538 2582 plantarum
562 2542 686 2585 (Ed.1.,
710 2544 756 2580 11.,
779 2544 817 2574 V.
844 2547 876 2573 et
894 2542 962 2584 w.)
987 2547 1019 2573 et
1043 2544 1278 2582 Specierum
1302 2543 1529 2582 plantarum
1554 2539 1627 2581 (Ed.
1651 2540 1672 2569 Ι.
1697 2543 1729 2568 et
1752 2538 1801 2579 11.)
1827 2549 1881 2568 eo-

88 2614 218 2643 rumque
238 2604 457 2639 Mantissarum
481 2601 517 2645 (1.
538 2607 570 2632 et
585 2602 655 2645 lh),
681 2604 918 2633 Corollarioruin
943 2608 975 2633 et
998 2604 1285 2634 Additainentorum
1309 2603 1477 2637 xariorum,
1501 2601 1551 2629 hic
1575 2600 1637 2629 illic
1662 2600 1879 2637 dispersorum.

176 2662 213 2705 2)
243 2664 395 2693 ΤΕΧΤΠΜ
428 2673 477 2692 EX
515 2672 627 2692 1²⁴1an
657 2673 874 2694 coJIPlaETUM
915 2674 1019 2693 eorum
1051 2674 1196 2702 operum,
1236 2673 1314 2701 quae
1344 2662 1428 2690 basin
1460 2660 1642 2699 plerumque
1674 2661 1880 2699 systematicis

91 2725 156 2753 istis
172 2725 257 2753 libris
274 2725 458 2764 praebuere,
483 2724 602 2753 scilicet
623 2724 830 2753 Florarum
855 2723 1066 2765 (Lapponicae
1086 2725 1116 2759 1.,
1138 2724 1182 2757 ll.,
1207 2722 1356 2750 Suc-cicae
1373 2721 1403 2756 L,
1424 2720 1469 2756 ll.,
1493 2719 1705 2761 Zeylauicae),
1730 2720 1877 2750 Horto-

90 2794 169 2813 rum
193 2783 391 2825 (Cliti'ortiani
422 2788 454 2813 et
478 2783 703 2825 Upsaliensis),
737 2784 935 2814 Materiae
966 2784 1163 2817 medicae,
1196 2781 1540 2810 Dissertationum
1571 2790 1609 2808 ex
1632 2780 1878 2810 Aiuoenitatibus

89 2845 173 2873 acad.
198 2845 352 2875 variarum.
399 2845 608 2884 Quaecunque
632 2844 764 2874 enimin
793 2844 840 2873 liis
871 2844 908 2873 ad
933 2843 1170 2884 diagnostieam,
1202 2841 1412 2881 sjnonymiain
1437 2845 1468 2869 et
1498 2840 1753 2878 descriptionem,
1782 2841 1878 2870 multa
